2586 4666
193 300 270 377 aaa
413 283 500 361 “Μ.
519 284 622 355 FAB.
648 270 965 387 comment
1124 320 1127 327 ·

149 475 329 550 etiam
341 495 472 548 mores
502 472 541 545 ei
567 471 778 547 conabitur
804 470 918 562 dare,
943 486 982 546 et
1004 470 1213 577 affignabit

60 658 69 683 ,,
163 576 347 666 officia.
401 590 457 661 Ita
486 591 559 660 nec
584 585 883 662 antecedentem
911 587 1101 688 consequi
1120 580 1265 691 pol·

98 786 104 795 ⁸
201 700 353 795 sumus,
382 715 423 775 et
444 701 605 799 longius
627 698 811 779 eundum
839 699 914 791 est,
939 716 989 777 ut
1012 728 1081 783 res
1094 703 1208 781 feret.

96 836 99 841 '
201 822 253 894 Et
267 816 485 946 probabilie
505 831 640 911 tamen
656 815 864 918 cupiditas
872 805 1148 909 honestorum,
1172 835 1276 909 et

45 943 52 957 ‘
89 931 100 956 ⁸
203 934 318 1011 velut
340 930 500 1005 tutioris
530 927 739 1007 audentiae
770 928 826 1005 est
852 943 1024 1027 tentare,
1063 928 1214 1049 quibus

204 1048 379 1155 paratior
396 1046 515 1122 venia
532 1041 598 1119 est.

289 1281 319 1352 1.
379 1274 439 1350 Sit
467 1299 562 1376 ergo
595 1274 720 1394 nobis·
737 1252 883 1367 o'rator,
911 1301 1033 1378 quem
1060 1246 1286 1397 consti-riae

202 1502 255 1571 Ἇι.
287 1504 379 1579 „Dein
407 1524 494 1561 mores
524 1506 596 1560 enim
617 1503 718 1560 Turio.
739 1496 819 1563 Flor.
850 1502 1012 1582 adsigiaait
1031 1507 1135 1567 iidem.
1159 1526 1214 1567 ιιι-

205 1591 427 1662 &cedentemque
446 1611 468 1643 c.
490 1591 592 1663 camp.
617 1608 660 1643 res
680 1606 761 1664 paret
782 1591 880 1646 Turic.
904 1588 983 1648 Flor.
1007 1610 1075 1647 curn
1095 1591 1177 1649 Alm.

377 1672 420 1731 Et
438 1673 602 1748 probabilis.
645 1672 694 1727 Sic
719 1674 828 1741 Turio.
843 1676 944 1749 camp.
959 1666 1214 1749 'conjunctionem
1250 1702 1255 1713 ·

205 1762 350 1823 omittunt
375 1757 493 1833 reliqui
520 1759 657 1814 velitioris
685 1758 787 1815 Turio.
814 1757 894 1817 Flor.
924 1776 991 1814 cum
1012 1759 1092 1833 Alm.
1116 1758 1213 1836 quari·

205 1846 294 1923 quim
323 1863 359 1898 ex
391 1843 450 1899 hoc
477 1844 618 1919 relitioris.
662 1841 718 1897 Sed
745 1843 832 1899 veluti
859 1846 915 1899 oris
936 1845 1038 1909 Ambr.
1059 1861 1089 1901 2.
1111 1846 1214 1909 Guelf.

203 1936 273 1988 Exc.
297 1933 373 1987 Sant.
398 1927 545 1984 velocioris
566 1927 666 2001 Camp.
689 1929 799 1982 tutioris
819 1927 912 2001 [olum
934 1928 1023 1983 Goth.
1042 1931 1117 1989 Jent
1141 1949 1215 1993 ιιιιιι

200 2017 270 2073 edd.
296 2029 362 2069 ante
385 2010 498 2087 Gryph.
519 2010 565 2066 vll
587 2014 698 2066 tutioris
717 2011 828 2086 reliqui
846 2018 963 2087 praetii·
982 2013 1065 2069 Obr..
1083 2015 1135 2071 cni
1154 2034 1212 2075 no·

201 2103 294 2158 strum
316 2113 467 2173 acceptum
488 2094 652 2151 referimus.
861 2096 1018 2151 audentiae
1041 2098 1215 2159 Sicdinbr

202 2201 233 2240 ιι.
256 2187 358 2256 camp.
382 2199 451 2235 curn
460 2177 548 2246 Vols.
576 2201 603 2234 1.
611 2193 660 2237 2..
671 2179 744 2236 Obr.
769 2181 901 2235 audiente
920 2181 1022 2235 Turic.
1041 2174 1208 2243 cmnBodl.

157 2312 160 2317 .
201 2270 375 2324 academiae*
394 2262 473 2320 Flor.
497 2262 595 2369 Guell.
619 2266 692 2319 Exc
716 2252 794 2320 Sint.
817 2284 884 2320 cum
905 2264 983 2320 Alm.
999 2267 1142 2375 ardunae
1162 2288 1212 2327 ιο·

127 2372 131 2379 ’
200 2354 287 2430 liqui.

286 2469 442 2546 inscriptio
475 2467 583 2543 capitit
606 2465 640 2522 in
666 2467 769 2525 Ambr.
793 2484 821 2525 2.
852 2470 969 2544 (neque
991 2468 1071 2526 enim
1093 2469 1154 2526 ulla
1175 2458 1223 2530 in¹

200 2559 302 2616 Turio.
325 2555 429 2626 Flor.)
456 2552 553 2610 Guelf.
583 2552 672 2608 Goth.
702 2573 758 2607 non
786 2551 864 2630 poffe
903 2562 1042 2611 oratorem
1071 2552 1125 2632 effe
1152 2544 1243 2653 nisi

199 2647 244 2699 vir
230 2662 290 2697 rum
319 2639 439 2701 donum,
474 2657 543 2693 cunr
573 2636 637 2693 edd.
667 2652 781 2713 praeter
809 2641 909 2713 Camp.
935 2637 1008 2695 Obr.
1031 2640 1113 2695 Gela.
1136 2623 1243 2716 Rip.

199 2728 317 2782 Primus
346 2724 468 2796 quidem
495 2719 572 2776 solue
603 2721 769 2777 uncialibus
798 2742 861 2778 eam
882 2721 989 2780 litterie
1011 2723 1066 2778 dat.
1109 2723 1208 2780 Nulla

199 2810 328 2886 capitum
351 2806 400 2859 hic
422 2805 600 2860 distinctio
590 2824 623 2860 ιιι
643 2809 717 2862 Exc.
744 2809 858 2863 senten.

264 2913 294 2949 ι
319 2885 515 2963 constituimus.
538 2888 587 2943 Sic
608 2891 709 2949 Turio.
731 2890 810 2947 Flor.
832 2892 933 2950 Ambr.
956 2906 985 2950 ι.
1007 2888 1105 2948 θιοὶῐ.
1124 2891 1204 2948 Exo.

194 3064 602 3138 versatumhicelienolirum
616 3093 677 3130 cre·
719 3077 960 3150 praecedentibus
1001 3077 1207 3145 *continuanda

194 3165 249 3229 do,
271 3179 322 3219 aut
339 3161 512 3216 mutandum
534 3179 623 3214 remes
643 3160 677 3214 in
718 3163 798 3225 lunt3
822 3182 882 3218 non
896 3178 994 3219 autem
1007 3162 1206 3238 adloquenti·

192 3252 291 3310 remis,
316 3266 389 3322 quae
410 3245 486 3300 ratio
502 3243 676 3319 impeditior
719 3246 872 3309 trahenda,
917 3249 1000 3341 quod
1024 3247 1206 3323 quibusdan

193 3334 232 3389 ett
246 3332 400 3387 deficiente
417 3330 589 3385 accusativo.
611 3329 676 3383 Nec
719 3331 895 3385 eveteribut
911 3332 998 3387 etiarn
1013 3331 1134 3408 placuit.
1156 3331 1205 3387 ei

190 3432 272 3470 retro
288 3414 436 3470 cedentem
447 3411 608 3487 iigmlrcare
621 3432 674 3467 vo
718 3414 859 3487 gnificant
883 3431 981 3471 nutem
1004 3437 1071 3493 pro
1074 3437 1104 3470 re
1118 3420 1204 3498 data,

189 3498 249 3554 luit
271 3498 459 3562 Ciceronem,
482 3497 563 3571 quod
583 3496 651 3551 est
641 3516 675 3550 ιιι
718 3497 801 3554 velut
819 3518 929 3554 moxc.
951 3523 977 3557 ι.
999 3517 1073 3556 extr.

190 3582 343 3637 inhibenda
365 3602 444 3643 nave,
466 3580 552 3656 plane
574 3581 610 3634 ad
629 3599 673 3633 ar·
757 3584 972 3640 collectioni
942 3584 978 3640 ci.
995 3594 1024 3654 3,
1042 3598 1071 3651 3,
1097 3598 1149 3653 27.
1171 3601 1215 3645 et

189 3666 229 3721 tis
244 3663 400 3739 modulum
416 3665 501 3719 dicta.
546 3665 622 3721 Vide
644 3678 673 3718 et
694 3664 834 3721 videtur
862 3666 984 3724 mollius
1017 3667 1203 3727 vocabulum

192 3747 326 3806 veletren.
349 3749 385 3802 ad
408 3747 551 3803 Herodot.
572 3756 602 3815 8,
619 3757 668 3816 34.
713 3748 804 3804 altero
842 3752 1002 3808 audaciae⁴
1036 3755 1112 3807 Ante
1138 3756 1204 3829 ιιι·

186 3827 315 3897 Nonao.
333 3830 553 3903 Mongaltueed
569 3829 669 3884 locum
712 3832 761 3886 bne
787 3838 847 3889 no'n
863 3854 910 3890 eos
932 3834 1070 3911 intelligi,
1087 3835 1137 3892 sed
1154 3858 1202 3902 en.

187 3911 383 3969 Ciceroniana
395 3912 488 3968 nostra
508 3912 610 3986 etipse
630 3912 669 3967 est
710 3914 795 3971 facile
814 3926 940 3992 apparet.

185 3990 333 4056 iententia,
755 4017 781 4054 ι.
809 3996 1006 4074 constituimus.
1036 4007 1100 4065 rid.
1127 3968 1198 4069 ιιι.
1250 4040 1258 4061 .

225 4085 258 4131 ιιι
276 4095 322 4135 ιιι
334 4074 418 4152 feret.
467 4080 548 4139 Haec
573 4078 665 4138 verba
707 4080 773 4139 crit.
