<?xml version="1.0" encoding="UTF-8"?>
<!DOCTYPE html PUBLIC "-//W3C//DTD XHTML 1.0 Transitional//EN"
    "http://www.w3.org/TR/xhtml1/DTD/xhtml1-transitional.dtd">
<html xmlns="http://www.w3.org/1999/xhtml" xml:lang="en" lang="en">
 <head>
  <title>
</title>
<meta http-equiv="Content-Type" content="text/html;charset=utf-8" />
  <meta name='ocr-system' content='tesseract 3.04.00' />
  <meta name='ocr-capabilities' content='ocr_page ocr_carea ocr_par ocr_line ocrx_word'/>
</head>
<body>
  <div class='ocr_page' id='page_1' title='image "./mfabiiquintilia02bonngoog_0050.png"; bbox 0 0 2586 4666; ppageno 0'>
   <div class='ocr_carea' id='block_1_1' title="bbox 409 216 424 260">
    <p class='ocr_par' dir='ltr' id='par_1_1' title="bbox 409 216 424 260">
     <span class='ocr_line' id='line_1_1' title="bbox 409 216 424 260; baseline 0 0"><span class='ocrx_word' id='word_1_1' title='bbox 409 216 424 260; x_wconf 85' lang='lat' dir='ltr'>-l</span> 
     </span>
    </p>
   </div>
   <div class='ocr_carea' id='block_1_2' title="bbox 266 301 1189 387">
    <p class='ocr_par' dir='ltr' id='par_1_2' title="bbox 266 301 1189 387">
     <span class='ocr_line' id='line_1_2' title="bbox 266 301 1189 387; baseline -0.004 -12"><span class='ocrx_word' id='word_1_2' title='bbox 266 317 271 341; x_wconf 91' lang='lat'>&#39;</span> <span class='ocrx_word' id='word_1_3' title='bbox 353 305 478 375; x_wconf 85' lang='lat' dir='ltr'><strong>INST.</strong></span> <span class='ocrx_word' id='word_1_4' title='bbox 509 302 720 375; x_wconf 81' lang='lat' dir='ltr'><strong>ORATOR.</strong></span> <span class='ocrx_word' id='word_1_5' title='bbox 755 301 849 371; x_wconf 85' lang='lat' dir='ltr'><strong>LIB.</strong></span> <span class='ocrx_word' id='word_1_6' title='bbox 880 302 936 387; x_wconf 85' lang='lat' dir='ltr'>X,</span> <span class='ocrx_word' id='word_1_7' title='bbox 970 319 1006 372; x_wconf 86' lang='lat'>1.</span> <span class='ocrx_word' id='word_1_8' title='bbox 1140 316 1189 385; x_wconf 73' lang='lat'>23</span> 
     </span>
    </p>
   </div>
   <div class='ocr_carea' id='block_1_3' title="bbox 78 486 1246 2197">
    <p class='ocr_par' dir='ltr' id='par_1_3' title="bbox 177 486 1192 704">
     <span class='ocr_line' id='line_1_3' title="bbox 177 486 1192 590; baseline -0.006 -21"><span class='ocrx_word' id='word_1_9' title='bbox 177 494 264 581; x_wconf 83' lang='lat' dir='ltr'>his,</span> <span class='ocrx_word' id='word_1_10' title='bbox 305 492 402 590; x_wconf 90' lang='lat' dir='ltr'>qui,</span> <span class='ocrx_word' id='word_1_11' title='bbox 444 489 646 589; x_wconf 85' lang='lat' dir='ltr'>quidquid</span> <span class='ocrx_word' id='word_1_12' title='bbox 690 487 800 588; x_wconf 86' lang='lat' dir='ltr'>apud</span> <span class='ocrx_word' id='word_1_13' title='bbox 833 488 925 563; x_wconf 89' lang='lat' dir='ltr'>illos</span> <span class='ocrx_word' id='word_1_14' title='bbox 960 486 1192 586; x_wconf 88' lang='lat' dir='ltr'>reperietur,</span> 
     </span>
     <span class='ocr_line' id='line_1_4' title="bbox 179 603 1192 704; baseline -0.006 -23"><span class='ocrx_word' id='word_1_15' title='bbox 179 605 344 681; x_wconf 86' lang='lat' dir='ltr'>dicendi</span> <span class='ocrx_word' id='word_1_16' title='bbox 362 607 490 704; x_wconf 86' lang='lat' dir='ltr'>legem</span> <span class='ocrx_word' id='word_1_17' title='bbox 509 621 671 703; x_wconf 81' lang='lat' dir='ltr'>putent,</span> <span class='ocrx_word' id='word_1_18' title='bbox 697 618 744 678; x_wconf 91' lang='lat' dir='ltr'>ut</span> <span class='ocrx_word' id='word_1_19' title='bbox 757 603 952 678; x_wconf 85' lang='lat' dir='ltr'><strong>deteriora</strong></span> <span class='ocrx_word' id='word_1_20' title='bbox 971 603 1192 690; x_wconf 79' lang='lat' dir='ltr'>imitentur,</span> 
     </span>
    </p>

    <p class='ocr_par' dir='ltr' id='par_1_4' title="bbox 78 713 1246 1507">
     <span class='ocr_line' id='line_1_5' title="bbox 78 713 1190 820; baseline -0.003 -25"><span class='ocrx_word' id='word_1_21' title='bbox 78 810 80 814; x_wconf 11' lang='grc' dir='ltr'><em>Α</em></span> <span class='ocrx_word' id='word_1_22' title='bbox 119 718 126 730; x_wconf 86' lang='grc'><strong>’</strong></span> <span class='ocrx_word' id='word_1_23' title='bbox 178 721 252 820; x_wconf 85' lang='lat' dir='ltr'>(id</span> <span class='ocrx_word' id='word_1_24' title='bbox 285 714 392 795; x_wconf 82' lang='lat' dir='ltr'>enim</span> <span class='ocrx_word' id='word_1_25' title='bbox 422 716 477 791; x_wconf 91' lang='lat' dir='ltr'>est</span> <span class='ocrx_word' id='word_1_26' title='bbox 506 717 692 816; x_wconf 79' lang='lat' dir='ltr'>facilius)</span> <span class='ocrx_word' id='word_1_27' title='bbox 724 745 768 791; x_wconf 84' lang='lat' dir='ltr'>ec</span> <span class='ocrx_word' id='word_1_28' title='bbox 794 716 835 791; x_wconf 85' lang='lat' dir='ltr'>se</span> <span class='ocrx_word' id='word_1_29' title='bbox 863 716 1021 792; x_wconf 87' lang='lat' dir='ltr'>abunde</span> <span class='ocrx_word' id='word_1_30' title='bbox 1048 713 1190 793; x_wconf 83' lang='lat' dir='ltr'>limiles</span> 
     </span>
     <span class='ocr_line' id='line_1_6' title="bbox 179 830 1189 934; baseline -0.003 -25"><span class='ocrx_word' id='word_1_31' title='bbox 179 849 344 934; x_wconf 86' lang='lat' dir='ltr'>putent,</span> <span class='ocrx_word' id='word_1_32' title='bbox 396 830 425 907; x_wconf 86' lang='lat' dir='ltr'>li</span> <span class='ocrx_word' id='word_1_33' title='bbox 464 835 561 908; x_wconf 84' lang='lat' dir='ltr'>vitiu</span> <span class='ocrx_word' id='word_1_34' title='bbox 604 858 844 932; x_wconf 86' lang='lat' dir='ltr'>magnorum</span> <span class='ocrx_word' id='word_1_35' title='bbox 889 830 1189 929; x_wconf 84' lang='lat' dir='ltr'>consequentur.</span> 
     </span>
     <span class='ocr_line' id='line_1_7' title="bbox 114 945 1246 1046; baseline -0.01 -20"><span class='ocrx_word' id='word_1_36' title='bbox 114 947 364 1037; x_wconf 71' lang='lat' dir='ltr'>oesmodeste</span> <span class='ocrx_word' id='word_1_37' title='bbox 400 963 532 1023; x_wconf 85' lang='lat' dir='ltr'>temen</span> <span class='ocrx_word' id='word_1_38' title='bbox 570 964 609 1024; x_wconf 87' lang='lat' dir='ltr'>et</span> <span class='ocrx_word' id='word_1_39' title='bbox 641 945 923 1046; x_wconf 81' lang='lat' dir='ltr'>circumspecto</span> <span class='ocrx_word' id='word_1_40' title='bbox 956 945 1109 1041; x_wconf 86' lang='lat' dir='ltr'>judicio</span> <span class='ocrx_word' id='word_1_41' title='bbox 1141 945 1192 1021; x_wconf 88' lang='lat' dir='ltr'>de</span> <span class='ocrx_word' id='word_1_42' title='bbox 1207 957 1246 1015; x_wconf 75' lang='lat'>26</span> 
     </span>
     <span class='ocr_line' id='line_1_8' title="bbox 144 1059 1193 1162; baseline -0.003 -24"><span class='ocrx_word' id='word_1_43' title='bbox 144 1084 147 1091; x_wconf 89' lang='grc'>’</span> <span class='ocrx_word' id='word_1_44' title='bbox 182 1066 298 1138; x_wconf 84' lang='lat' dir='ltr'>tantis</span> <span class='ocrx_word' id='word_1_45' title='bbox 313 1065 408 1138; x_wconf 83' lang='lat' dir='ltr'>viris</span> <span class='ocrx_word' id='word_1_46' title='bbox 424 1062 777 1162; x_wconf 82' lang='lat' dir='ltr'>pronunciandum</span> <span class='ocrx_word' id='word_1_47' title='bbox 793 1059 859 1150; x_wconf 89' lang='lat' dir='ltr'>est,</span> <span class='ocrx_word' id='word_1_48' title='bbox 884 1087 948 1149; x_wconf 86' lang='lat' dir='ltr'>ne,</span> <span class='ocrx_word' id='word_1_49' title='bbox 976 1059 1090 1158; x_wconf 84' lang='lat' dir='ltr'>quod</span> <span class='ocrx_word' id='word_1_50' title='bbox 1107 1061 1193 1160; x_wconf 89' lang='lat' dir='ltr'>ple·</span> 
     </span>
     <span class='ocr_line' id='line_1_9' title="bbox 181 1177 1192 1275; baseline -0.004 -19"><span class='ocrx_word' id='word_1_51' title='bbox 181 1181 314 1274; x_wconf 84' lang='lat' dir='ltr'>risque</span> <span class='ocrx_word' id='word_1_52' title='bbox 328 1177 491 1266; x_wconf 84' lang='lat' dir='ltr'>accidit,</span> <span class='ocrx_word' id='word_1_53' title='bbox 520 1177 711 1252; x_wconf 79' lang='lat' dir='ltr'>damnent</span> <span class='ocrx_word' id='word_1_54' title='bbox 726 1202 828 1275; x_wconf 84' lang='lat' dir='ltr'>quae</span> <span class='ocrx_word' id='word_1_55' title='bbox 844 1203 929 1253; x_wconf 91' lang='lat' dir='ltr'>non</span> <span class='ocrx_word' id='word_1_56' title='bbox 948 1177 1192 1275; x_wconf 86' lang='lat' dir='ltr'>intelligunt.</span> 
     </span>
     <span class='ocr_line' id='line_1_10' title="bbox 181 1289 1194 1391; baseline -0.004 -22"><span class='ocrx_word' id='word_1_57' title='bbox 181 1297 235 1370; x_wconf 81' lang='lat' dir='ltr'>Ac</span> <span class='ocrx_word' id='word_1_58' title='bbox 270 1291 299 1366; x_wconf 88' lang='lat' dir='ltr'>fi</span> <span class='ocrx_word' id='word_1_59' title='bbox 333 1289 483 1367; x_wconf 84' lang='lat' dir='ltr'>necelle</span> <span class='ocrx_word' id='word_1_60' title='bbox 521 1291 576 1366; x_wconf 85' lang='lat' dir='ltr'>est</span> <span class='ocrx_word' id='word_1_61' title='bbox 609 1295 653 1367; x_wconf 88' lang='lat' dir='ltr'>in</span> <span class='ocrx_word' id='word_1_62' title='bbox 682 1295 843 1366; x_wconf 80' lang='lat' dir='ltr'>alteram</span> <span class='ocrx_word' id='word_1_63' title='bbox 872 1316 1000 1366; x_wconf 83' lang='lat' dir='ltr'>errare</span> <span class='ocrx_word' id='word_1_64' title='bbox 1029 1307 1194 1391; x_wconf 86' lang='lat' dir='ltr'>partem,</span> 
     </span>
     <span class='ocr_line' id='line_1_11' title="bbox 181 1407 1193 1507; baseline -0.004 -22"><span class='ocrx_word' id='word_1_65' title='bbox 181 1409 313 1485; x_wconf 82' lang='lat' dir='ltr'>omnia</span> <span class='ocrx_word' id='word_1_66' title='bbox 328 1433 472 1483; x_wconf 87' lang='lat' dir='ltr'>eorum</span> <span class='ocrx_word' id='word_1_67' title='bbox 487 1408 707 1506; x_wconf 85' lang='lat' dir='ltr'>legentibus</span> <span class='ocrx_word' id='word_1_68' title='bbox 727 1408 901 1507; x_wconf 80' lang='lat' dir='ltr'>placere,</span> <span class='ocrx_word' id='word_1_69' title='bbox 925 1432 1046 1506; x_wconf 84' lang='lat' dir='ltr'>quam</span> <span class='ocrx_word' id='word_1_70' title='bbox 1065 1407 1193 1481; x_wconf 79' lang='lat' dir='ltr'>multe</span> 
     </span>
    </p>

    <p class='ocr_par' dir='ltr' id='par_1_5' title="bbox 169 1520 1244 1965">
     <span class='ocr_line' id='line_1_12' title="bbox 177 1520 1244 1622; baseline 0.006 -26"><span class='ocrx_word' id='word_1_71' title='bbox 177 1520 413 1622; x_wconf 68' lang='lat' dir='ltr'>displicere,</span> <span class='ocrx_word' id='word_1_72' title='bbox 439 1524 669 1595; x_wconf 83' lang='lat' dir='ltr'>maluerim.</span> <span class='ocrx_word' id='word_1_73' title='bbox 728 1523 954 1597; x_wconf 87' lang='lat' dir='ltr'>Plurimum</span> <span class='ocrx_word' id='word_1_74' title='bbox 979 1521 1077 1595; x_wconf 82' lang='lat' dir='ltr'>dicit</span> <span class='ocrx_word' id='word_1_75' title='bbox 1104 1546 1189 1596; x_wconf 84' lang='lat' dir='ltr'>ore·</span> <span class='ocrx_word' id='word_1_76' title='bbox 1205 1547 1244 1601; x_wconf 75' lang='lat'>27</span> 
     </span>
     <span class='ocr_line' id='line_1_13' title="bbox 169 1630 1196 1736; baseline -0.002 -25"><span class='ocrx_word' id='word_1_77' title='bbox 169 1630 260 1712; x_wconf 78' lang='lat' dir='ltr'>&#39;tori</span> <span class='ocrx_word' id='word_1_78' title='bbox 290 1633 472 1712; x_wconf 80' lang='lat' dir='ltr'>conferre</span> <span class='ocrx_word' id='word_1_79' title='bbox 495 1634 791 1735; x_wconf 82' lang='lat' dir='ltr'>Theophrastus</span> <span class='ocrx_word' id='word_1_80' title='bbox 822 1637 1035 1713; x_wconf 87' lang='lat' dir='ltr'>lectionem</span> <span class='ocrx_word' id='word_1_81' title='bbox 1056 1642 1196 1736; x_wconf 58' lang='lat' dir='ltr'>poeta·-</span> 
     </span>
     <span class='ocr_line' id='line_1_14' title="bbox 179 1743 1192 1849; baseline -0.003 -21"><span class='ocrx_word' id='word_1_82' title='bbox 179 1776 291 1828; x_wconf 85' lang='lat' dir='ltr'>rum:</span> <span class='ocrx_word' id='word_1_83' title='bbox 307 1754 310 1762; x_wconf 83' lang='lat'>&#39;</span> <span class='ocrx_word' id='word_1_84' title='bbox 328 1743 528 1849; x_wconf 72' lang='lat' dir='ltr'>inultique</span> <span class='ocrx_word' id='word_1_85' title='bbox 545 1756 630 1844; x_wconf 78' lang='lat' dir='ltr'>eius</span> <span class='ocrx_word' id='word_1_86' title='bbox 646 1750 841 1845; x_wconf 88' lang='lat' dir='ltr'>judicium</span> <span class='ocrx_word' id='word_1_87' title='bbox 854 1748 1096 1848; x_wconf 81' lang='lat' dir='ltr'>lequuntur:</span> <span class='ocrx_word' id='word_1_88' title='bbox 1121 1775 1192 1826; x_wconf 85' lang='lat' dir='ltr'>ne·</span> 
     </span>
     <span class='ocr_line' id='line_1_15' title="bbox 181 1863 1192 1965; baseline -0.002 -25"><span class='ocrx_word' id='word_1_89' title='bbox 181 1891 261 1965; x_wconf 91' lang='lat' dir='ltr'>que</span> <span class='ocrx_word' id='word_1_90' title='bbox 291 1867 515 1949; x_wconf 59' lang='lat' dir='ltr'>immerito:</span> <span class='ocrx_word' id='word_1_91' title='bbox 563 1869 748 1965; x_wconf 81' lang='lat' dir='ltr'>Namque</span> <span class='ocrx_word' id='word_1_92' title='bbox 772 1868 819 1940; x_wconf 88' lang='lat' dir='ltr'>ab</span> <span class='ocrx_word' id='word_1_93' title='bbox 836 1866 901 1942; x_wconf 85' lang='lat' dir='ltr'>his</span> <span class='ocrx_word' id='word_1_94' title='bbox 918 1869 962 1940; x_wconf 90' lang='lat' dir='ltr'>in</span> <span class='ocrx_word' id='word_1_95' title='bbox 978 1867 1097 1940; x_wconf 83' lang='lat' dir='ltr'>rebus</span> <span class='ocrx_word' id='word_1_96' title='bbox 1114 1863 1192 1964; x_wconf 89' lang='lat' dir='ltr'>[pi-</span> 
     </span>
    </p>

    <p class='ocr_par' dir='ltr' id='par_1_6' title="bbox 118 1970 1192 2197">
     <span class='ocr_line' id='line_1_16' title="bbox 118 1970 1191 2069; baseline 0 -13"><span class='ocrx_word' id='word_1_97' title='bbox 118 1988 122 2001; x_wconf 94' lang='lat'><em>&#39;</em></span> <span class='ocrx_word' id='word_1_98' title='bbox 180 1983 304 2069; x_wconf 86' lang='lat' dir='ltr'>ritus,</span> <span class='ocrx_word' id='word_1_99' title='bbox 334 1997 372 2054; x_wconf 89' lang='lat' dir='ltr'>et</span> <span class='ocrx_word' id='word_1_100' title='bbox 395 1983 439 2055; x_wconf 87' lang='lat' dir='ltr'>in</span> <span class='ocrx_word' id='word_1_101' title='bbox 457 1980 589 2055; x_wconf 85' lang='lat' dir='ltr'>verbis</span> <span class='ocrx_word' id='word_1_102' title='bbox 604 1979 841 2069; x_wconf 86' lang='lat' dir='ltr'>sublimitas,</span> <span class='ocrx_word' id='word_1_103' title='bbox 869 1997 908 2055; x_wconf 90' lang='lat' dir='ltr'>et</span> <span class='ocrx_word' id='word_1_104' title='bbox 927 1970 972 2055; x_wconf 80' lang='lat' dir='ltr'>i1i</span> <span class='ocrx_word' id='word_1_105' title='bbox 987 1975 1191 2056; x_wconf 86' lang='lat' dir='ltr'>affectibus</span> 
     </span>
     <span class='ocr_line' id='line_1_17' title="bbox 180 2094 1192 2197; baseline 0.001 -27"><span class='ocrx_word' id='word_1_106' title='bbox 180 2113 314 2172; x_wconf 89' lang='lat' dir='ltr'>motus</span> <span class='ocrx_word' id='word_1_107' title='bbox 343 2097 495 2184; x_wconf 78' lang='lat' dir='ltr'>omnis,</span> <span class='ocrx_word' id='word_1_108' title='bbox 539 2112 579 2170; x_wconf 90' lang='lat' dir='ltr'>et</span> <span class='ocrx_word' id='word_1_109' title='bbox 612 2098 656 2171; x_wconf 88' lang='lat' dir='ltr'>in</span> <span class='ocrx_word' id='word_1_110' title='bbox 673 2094 863 2197; x_wconf 75' lang='lat' dir='ltr'>&#39;personis</span> <span class='ocrx_word' id='word_1_111' title='bbox 885 2095 1005 2172; x_wconf 87' lang='lat' dir='ltr'>decor</span> <span class='ocrx_word' id='word_1_112' title='bbox 1030 2097 1192 2197; x_wconf 84' lang='lat' dir='ltr'>petitur,</span> 
     </span>
    </p>
   </div>
   <div class='ocr_carea' id='block_1_4' title="bbox 127 2322 1193 2653">
    <p class='ocr_par' dir='ltr' id='par_1_7' title="bbox 127 2322 1193 2483">
     <span class='ocr_line' id='line_1_18' title="bbox 186 2322 1193 2400; baseline 0.003 -24"><span class='ocrx_word' id='word_1_113' title='bbox 186 2350 189 2356; x_wconf 97' lang='lat'><em>·</em></span> <span class='ocrx_word' id='word_1_114' title='bbox 248 2322 299 2378; x_wconf 75' lang='lat' dir='ltr'>tis.</span> <span class='ocrx_word' id='word_1_115' title='bbox 326 2323 372 2378; x_wconf 83' lang='lat' dir='ltr'>Sic</span> <span class='ocrx_word' id='word_1_116' title='bbox 385 2323 485 2379; x_wconf 83' lang='lat' dir='ltr'>Turio.</span> <span class='ocrx_word' id='word_1_117' title='bbox 499 2325 527 2391; x_wconf 78' lang='lat' dir='ltr'>(a</span> <span class='ocrx_word' id='word_1_118' title='bbox 542 2322 594 2378; x_wconf 84' lang='lat' dir='ltr'>lec.</span> <span class='ocrx_word' id='word_1_119' title='bbox 610 2345 649 2381; x_wconf 90' lang='lat' dir='ltr'>m.</span> <span class='ocrx_word' id='word_1_120' title='bbox 667 2325 732 2392; x_wconf 83' lang='lat' dir='ltr'>hos)</span> <span class='ocrx_word' id='word_1_121' title='bbox 752 2323 831 2379; x_wconf 86' lang='lat' dir='ltr'>Flor.</span> <span class='ocrx_word' id='word_1_122' title='bbox 848 2323 943 2380; x_wconf 80' lang='lat' dir='ltr'>Guell.</span> <span class='ocrx_word' id='word_1_123' title='bbox 957 2325 1057 2400; x_wconf 73' lang='lat' dir='ltr'><strong>camp.</strong></span> <span class='ocrx_word' id='word_1_124' title='bbox 1070 2323 1193 2399; x_wconf 79' lang='lat' dir='ltr'>Reliqui</span> 
     </span>
     <span class='ocr_line' id='line_1_19' title="bbox 127 2407 1190 2483; baseline 0.003 -21"><span class='ocrx_word' id='word_1_125' title='bbox 127 2446 129 2455; x_wconf 86' lang='lat'>·</span> <span class='ocrx_word' id='word_1_126' title='bbox 184 2409 228 2462; x_wconf 76' lang='lat' dir='ltr'>iit·</span> <span class='ocrx_word' id='word_1_127' title='bbox 251 2407 286 2462; x_wconf 78' lang='lat' dir='ltr'>cl.</span> <span class='ocrx_word' id='word_1_128' title='bbox 304 2425 331 2480; x_wconf 84' lang='lat'>9,</span> <span class='ocrx_word' id='word_1_129' title='bbox 349 2416 376 2474; x_wconf 76' lang='grc'>4,</span> <span class='ocrx_word' id='word_1_130' title='bbox 394 2422 444 2479; x_wconf 85' lang='grc'>79.</span> <span class='ocrx_word' id='word_1_131' title='bbox 467 2427 534 2461; x_wconf 85' lang='grc' dir='ltr'><strong>ιιο.</strong></span> <span class='ocrx_word' id='word_1_132' title='bbox 568 2407 596 2471; x_wconf 87' lang='grc'>6,</span> <span class='ocrx_word' id='word_1_133' title='bbox 614 2425 641 2476; x_wconf 78' lang='grc'>9,</span> <span class='ocrx_word' id='word_1_134' title='bbox 659 2427 687 2475; x_wconf 79' lang='grc'>9.</span> <span class='ocrx_word' id='word_1_135' title='bbox 826 2411 983 2483; x_wconf 77' lang='lat' dir='ltr'>reperietur.</span> <span class='ocrx_word' id='word_1_136' title='bbox 1028 2409 1074 2464; x_wconf 81' lang='lat' dir='ltr'>sie</span> <span class='ocrx_word' id='word_1_137' title='bbox 1090 2409 1190 2465; x_wconf 79' lang='lat' dir='ltr'>Turio.</span> 
     </span>
    </p>

    <p class='ocr_par' dir='ltr' id='par_1_8' title="bbox 183 2488 1193 2568">
     <span class='ocr_line' id='line_1_20' title="bbox 183 2488 1193 2568; baseline 0.003 -23"><span class='ocrx_word' id='word_1_138' title='bbox 183 2497 215 2561; x_wconf 76' lang='grc' dir='ltr'>(ι</span> <span class='ocrx_word' id='word_1_139' title='bbox 237 2511 282 2566; x_wconf 83' lang='lat' dir='ltr'>pr.</span> <span class='ocrx_word' id='word_1_140' title='bbox 303 2512 342 2547; x_wconf 89' lang='lat' dir='ltr'>m.</span> <span class='ocrx_word' id='word_1_141' title='bbox 365 2494 550 2566; x_wconf 69' lang='lat' dir='ltr'>reperiemur).</span> <span class='ocrx_word' id='word_1_142' title='bbox 594 2488 763 2568; x_wconf 68' lang='lat' dir='ltr'>leperierunt</span> <span class='ocrx_word' id='word_1_143' title='bbox 780 2491 859 2548; x_wconf 82' lang='lat' dir='ltr'>Flor.</span> <span class='ocrx_word' id='word_1_144' title='bbox 883 2513 949 2547; x_wconf 86' lang='lat' dir='ltr'>cum</span> <span class='ocrx_word' id='word_1_145' title='bbox 962 2493 1044 2548; x_wconf 86' lang='lat' dir='ltr'>Balil.</span> <span class='ocrx_word' id='word_1_146' title='bbox 1060 2496 1193 2568; x_wconf 82' lang='lat' dir='ltr'>reperitur</span> 
     </span>
    </p>

    <p class='ocr_par' dir='ltr' id='par_1_9' title="bbox 182 2575 1170 2653">
     <span class='ocr_line' id='line_1_21' title="bbox 182 2575 1170 2653; baseline 0.003 -22"><span class='ocrx_word' id='word_1_147' title='bbox 182 2575 280 2631; x_wconf 77' lang='lat' dir='ltr'>Guelf.</span> <span class='ocrx_word' id='word_1_148' title='bbox 299 2577 399 2651; x_wconf 82' lang='lat' dir='ltr'><strong>Camp.</strong></span> <span class='ocrx_word' id='word_1_149' title='bbox 411 2594 482 2649; x_wconf 80' lang='lat' dir='ltr'>¹oum</span> <span class='ocrx_word' id='word_1_150' title='bbox 497 2575 561 2631; x_wconf 77' lang='lat' dir='ltr'>Ald.</span> <span class='ocrx_word' id='word_1_151' title='bbox 578 2578 650 2632; x_wconf 87' lang='lat' dir='ltr'>Obr.</span> <span class='ocrx_word' id='word_1_152' title='bbox 666 2577 747 2634; x_wconf 80' lang='lat' dir='ltr'>Besrl.</span> <span class='ocrx_word' id='word_1_153' title='bbox 764 2597 855 2652; x_wconf 81' lang='lat' dir='ltr'>marg.</span> <span class='ocrx_word' id='word_1_154' title='bbox 872 2577 992 2653; x_wconf 85' lang='lat' dir='ltr'>Reliqui</span> <span class='ocrx_word' id='word_1_155' title='bbox 1004 2591 1170 2653; x_wconf 81' lang='lat' dir='ltr'>repererunt.</span> 
     </span>
    </p>
   </div>
   <div class='ocr_carea' id='block_1_5' title="bbox 183 2688 1192 3005">
    <p class='ocr_par' dir='ltr' id='par_1_10' title="bbox 243 2688 1192 2856">
     <span class='ocr_line' id='line_1_22' title="bbox 250 2688 1191 2772; baseline 0.001 -22"><span class='ocrx_word' id='word_1_156' title='bbox 250 2694 300 2751; x_wconf 83' lang='lat'>26·</span> <span class='ocrx_word' id='word_1_157' title='bbox 324 2688 468 2768; x_wconf 72' lang='lat' dir='ltr'>Modeste.</span> <span class='ocrx_word' id='word_1_158' title='bbox 510 2695 609 2750; x_wconf 81' lang='lat' dir='ltr'>Turio.</span> <span class='ocrx_word' id='word_1_159' title='bbox 627 2694 704 2752; x_wconf 85' lang='lat' dir='ltr'>Flor.</span> <span class='ocrx_word' id='word_1_160' title='bbox 731 2699 760 2764; x_wconf 76' lang='lat' dir='ltr'>(a</span> <span class='ocrx_word' id='word_1_161' title='bbox 774 2715 873 2772; x_wconf 69' lang='lat' dir='ltr'>pum.</span> <span class='ocrx_word' id='word_1_162' title='bbox 893 2701 1036 2770; x_wconf 81' lang='lat' dir='ltr'>uterque)</span> <span class='ocrx_word' id='word_1_163' title='bbox 1061 2690 1191 2768; x_wconf 80' lang='lat' dir='ltr'>modesta.</span> 
     </span>
     <span class='ocr_line' id='line_1_23' title="bbox 243 2776 1192 2856; baseline 0.004 -22"><span class='ocrx_word' id='word_1_164' title='bbox 243 2780 285 2834; x_wconf 84' lang='lat' dir='ltr'>Ae</span> <span class='ocrx_word' id='word_1_165' title='bbox 294 2776 332 2856; x_wconf 59' lang='lat' dir='ltr'>fi.</span> <span class='ocrx_word' id='word_1_166' title='bbox 376 2777 472 2846; x_wconf 75' lang='lat' dir='ltr'>Guell.</span> <span class='ocrx_word' id='word_1_167' title='bbox 494 2780 534 2834; x_wconf 84' lang='lat' dir='ltr'>At</span> <span class='ocrx_word' id='word_1_168' title='bbox 540 2777 568 2856; x_wconf 77' lang='lat' dir='ltr'><em>fi</em></span> <span class='ocrx_word' id='word_1_169' title='bbox 583 2800 648 2834; x_wconf 87' lang='lat' dir='ltr'>curn</span> <span class='ocrx_word' id='word_1_170' title='bbox 664 2781 753 2836; x_wconf 86' lang='lat' dir='ltr'>Goth.</span> <span class='ocrx_word' id='word_1_171' title='bbox 918 2781 1071 2855; x_wconf 76' lang='lat' dir='ltr'>displicere.</span> <span class='ocrx_word' id='word_1_172' title='bbox 1113 2779 1192 2838; x_wconf 74' lang='lat' dir='ltr'>Flor-</span> 
     </span>
    </p>

    <p class='ocr_par' dir='ltr' id='par_1_11' title="bbox 183 2861 1027 3005">
     <span class='ocr_line' id='line_1_24' title="bbox 183 2861 1027 2939; baseline 0 -19"><span class='ocrx_word' id='word_1_173' title='bbox 183 2865 283 2939; x_wconf 80' lang='lat' dir='ltr'><strong>Camp.</strong></span> <span class='ocrx_word' id='word_1_174' title='bbox 298 2861 439 2938; x_wconf 78' lang='lat' dir='ltr'>dispicere.</span> <span class='ocrx_word' id='word_1_175' title='bbox 484 2862 580 2918; x_wconf 85' lang='lat' dir='ltr'>Guelf.</span> <span class='ocrx_word' id='word_1_176' title='bbox 606 2863 741 2939; x_wconf 76' lang='lat' dir='ltr'>despicere</span> <span class='ocrx_word' id='word_1_177' title='bbox 755 2876 824 2927; x_wconf 82' lang='lat' dir='ltr'>eum&#39;</span> <span class='ocrx_word' id='word_1_178' title='bbox 838 2883 929 2939; x_wconf 83' lang='lat' dir='ltr'>marg.</span> <span class='ocrx_word' id='word_1_179' title='bbox 945 2865 1027 2920; x_wconf 80' lang='lat' dir='ltr'>Bafit</span> 
     </span>
     <span class='ocr_line' id='line_1_25' title="bbox 246 2948 811 3005; baseline 0.004 -3"><span class='ocrx_word' id='word_1_180' title='bbox 246 2950 401 3004; x_wconf 78' lang='lat' dir='ltr'>oraluerim.</span> <span class='ocrx_word' id='word_1_181' title='bbox 426 2948 526 3002; x_wconf 81' lang='lat' dir='ltr'>Turio.</span> <span class='ocrx_word' id='word_1_182' title='bbox 543 2948 638 3005; x_wconf 80' lang='lat' dir='ltr'>Guelf.</span> <span class='ocrx_word' id='word_1_183' title='bbox 656 2950 811 3005; x_wconf 77' lang='lat' dir='ltr'>nraluert&#39;nt.</span> 
     </span>
    </p>
   </div>
   <div class='ocr_carea' id='block_1_6' title="bbox 103 3046 1194 3219">
    <p class='ocr_par' dir='ltr' id='par_1_12' title="bbox 103 3046 1194 3219">
     <span class='ocr_line' id='line_1_26' title="bbox 103 3046 1194 3124; baseline -0.005 -16"><span class='ocrx_word' id='word_1_184' title='bbox 103 3112 109 3121; x_wconf 42' lang='lat'><strong><em>¹</em></strong></span> <span class='ocrx_word' id='word_1_185' title='bbox 203 3056 207 3061; x_wconf 86' lang='grc'><strong>’</strong></span> <span class='ocrx_word' id='word_1_186' title='bbox 248 3065 296 3117; x_wconf 83' lang='lat'>27.</span> <span class='ocrx_word' id='word_1_187' title='bbox 322 3049 363 3103; x_wconf 77' lang='lat' dir='ltr'>tis</span> <span class='ocrx_word' id='word_1_188' title='bbox 379 3051 416 3103; x_wconf 80' lang='lat' dir='ltr'>io.</span> <span class='ocrx_word' id='word_1_189' title='bbox 441 3048 489 3103; x_wconf 86' lang='lat' dir='ltr'>Sic</span> <span class='ocrx_word' id='word_1_190' title='bbox 504 3049 602 3105; x_wconf 80' lang='lat' dir='ltr'>Turio.</span> <span class='ocrx_word' id='word_1_191' title='bbox 619 3049 695 3106; x_wconf 75' lang='lat' dir='ltr'>Plor.</span> <span class='ocrx_word' id='word_1_192' title='bbox 713 3046 994 3124; x_wconf 80' lang='lat' dir='ltr'>camp.G0th.&#39;Jent</span> <span class='ocrx_word' id='word_1_193' title='bbox 1009 3047 1194 3121; x_wconf 51' lang='lat' dir='ltr'>(ocean.)</span> 
     </span>
     <span class='ocr_line' id='line_1_27' title="bbox 184 3132 1131 3219; baseline 0.001 -31"><span class='ocrx_word' id='word_1_194' title='bbox 184 3135 272 3191; x_wconf 73' lang='lat' dir='ltr'>Tarv-</span> <span class='ocrx_word' id='word_1_195' title='bbox 295 3152 363 3188; x_wconf 86' lang='lat' dir='ltr'>cum</span> <span class='ocrx_word' id='word_1_196' title='bbox 381 3132 462 3193; x_wconf 73' lang='lat' dir='ltr'>Vols.</span> <span class='ocrx_word' id='word_1_197' title='bbox 478 3150 508 3188; x_wconf 82' lang='lat'>2·</span> <span class='ocrx_word' id='word_1_198' title='bbox 550 3132 672 3219; x_wconf 70' lang='lat' dir='ltr'>Reliqui</span> <span class='ocrx_word' id='word_1_199' title='bbox 694 3134 824 3190; x_wconf 82' lang='lat' dir='ltr'>inserunt</span> <span class='ocrx_word' id='word_1_200' title='bbox 837 3147 866 3190; x_wconf 85' lang='lat' dir='ltr'>et</span> <span class='ocrx_word' id='word_1_201' title='bbox 879 3133 1012 3188; x_wconf 81' lang='lat' dir='ltr'>suadente</span> <span class='ocrx_word' id='word_1_202' title='bbox 1027 3133 1131 3207; x_wconf 75' lang='lat' dir='ltr'>Regiu</span> 
     </span>
    </p>
   </div>
   <div class='ocr_carea' id='block_1_7' title="bbox 68 3327 1196 4162">
    <p class='ocr_par' dir='ltr' id='par_1_13' title="bbox 68 3327 1196 4162">
     <span class='ocr_line' id='line_1_28' title="bbox 188 3327 1193 3408; baseline -0.001 -22"><span class='ocrx_word' id='word_1_203' title='bbox 188 3347 217 3386; x_wconf 89' lang='lat' dir='ltr'>et</span> <span class='ocrx_word' id='word_1_204' title='bbox 245 3327 374 3394; x_wconf 69' lang='lat' dir='ltr'>Ruhnk·</span> <span class='ocrx_word' id='word_1_205' title='bbox 390 3331 430 3385; x_wconf 77' lang='lat' dir='ltr'>etl</span> <span class='ocrx_word' id='word_1_206' title='bbox 462 3332 556 3388; x_wconf 82' lang='lat' dir='ltr'>Rutil.</span> <span class='ocrx_word' id='word_1_207' title='bbox 591 3333 667 3408; x_wconf 88' lang='lat' dir='ltr'>Lup.</span> <span class='ocrx_word' id='word_1_208' title='bbox 709 3336 797 3398; x_wconf 74' lang='lat' dir='ltr'>„vlt</span> <span class='ocrx_word' id='word_1_209' title='bbox 828 3333 971 3395; x_wconf 83' lang='lat' dir='ltr'>sumtum,</span> <span class='ocrx_word' id='word_1_210' title='bbox 1000 3332 1035 3387; x_wconf 86' lang='lat' dir='ltr'>de</span> <span class='ocrx_word' id='word_1_211' title='bbox 1058 3329 1193 3388; x_wconf 78' lang='lat' dir='ltr'>callima-</span> 
     </span>
     <span class='ocr_line' id='line_1_29' title="bbox 185 3414 1196 3493; baseline 0 -22"><span class='ocrx_word' id='word_1_212' title='bbox 185 3437 215 3493; x_wconf 77' lang='lat' dir='ltr'>p.</span> <span class='ocrx_word' id='word_1_213' title='bbox 242 3427 312 3480; x_wconf 79' lang='lat'>²¹4·</span> <span class='ocrx_word' id='word_1_214' title='bbox 361 3414 515 3471; x_wconf 78' lang='lat' dir='ltr'>Heindorf.</span> <span class='ocrx_word' id='word_1_215' title='bbox 538 3417 575 3472; x_wconf 81' lang='lat' dir='ltr'>ad</span> <span class='ocrx_word' id='word_1_216' title='bbox 596 3415 668 3473; x_wconf 73' lang='lat' dir='ltr'>Plat·</span> <span class='ocrx_word' id='word_1_217' title='bbox 709 3419 787 3489; x_wconf 84' lang='lat' dir='ltr'>„eho</span> <span class='ocrx_word' id='word_1_218' title='bbox 809 3417 1022 3480; x_wconf 80' lang='lat' dir='ltr'>Grammatico,</span> <span class='ocrx_word' id='word_1_219' title='bbox 1045 3415 1146 3472; x_wconf 80' lang='lat' dir='ltr'>audaci</span> <span class='ocrx_word' id='word_1_220' title='bbox 1167 3432 1196 3471; x_wconf 88' lang='lat' dir='ltr'>et</span> 
     </span>
     <span class='ocr_line' id='line_1_30' title="bbox 187 3492 1195 3580; baseline -0.003 -23"><span class='ocrx_word' id='word_1_221' title='bbox 187 3499 278 3575; x_wconf 79' lang='lat' dir='ltr'>Soph.</span> <span class='ocrx_word' id='word_1_222' title='bbox 299 3510 349 3563; x_wconf 76' lang='lat'>50.</span> <span class='ocrx_word' id='word_1_223' title='bbox 481 3492 483 3497; x_wconf 44' lang='lat'><strong>¹</strong></span> <span class='ocrx_word' id='word_1_224' title='bbox 617 3536 620 3541; x_wconf 92' lang='lat'>·</span> <span class='ocrx_word' id='word_1_225' title='bbox 709 3492 831 3580; x_wconf 84' lang='lat' dir='ltr'>„inepto</span> <span class='ocrx_word' id='word_1_226' title='bbox 862 3502 988 3556; x_wconf 83' lang='lat' dir='ltr'>Homeri</span> <span class='ocrx_word' id='word_1_227' title='bbox 1021 3515 1195 3562; x_wconf 83' lang='lat' dir='ltr'>correctore,</span> 
     </span>
     <span class='ocr_line' id='line_1_31' title="bbox 231 3581 1194 3660; baseline 0.005 -26"><span class='ocrx_word' id='word_1_228' title='bbox 231 3581 668 3660; x_wconf 69' lang='lat' dir='ltr'>25.26.aeoidit-putant—</span> <span class='ocrx_word' id='word_1_229' title='bbox 710 3587 964 3660; x_wconf 81' lang='lat' dir='ltr'>„putat1·&#39;ab1·ett.</span> <span class='ocrx_word' id='word_1_230' title='bbox 994 3586 1029 3639; x_wconf 83' lang='lat' dir='ltr'>ed</span> <span class='ocrx_word' id='word_1_231' title='bbox 1057 3585 1194 3640; x_wconf 87' lang='lat' dir='ltr'>Column.</span> 
     </span>
     <span class='ocr_line' id='line_1_32' title="bbox 68 3666 1110 3746; baseline -0.001 -22"><span class='ocrx_word' id='word_1_232' title='bbox 68 3684 70 3692; x_wconf 91' lang='lat'>&#39;</span> <span class='ocrx_word' id='word_1_233' title='bbox 186 3666 462 3744; x_wconf 76' lang='lat' dir='ltr'>putent-accidit.</span> <span class='ocrx_word' id='word_1_234' title='bbox 484 3670 519 3725; x_wconf 81' lang='lat' dir='ltr'>el.</span> <span class='ocrx_word' id='word_1_235' title='bbox 533 3669 608 3741; x_wconf 50' lang='lat' dir='ltr'>adl.</span> <span class='ocrx_word' id='word_1_236' title='bbox 622 3682 669 3735; x_wconf 78' lang='lat'>25</span> <span class='ocrx_word' id='word_1_237' title='bbox 711 3671 811 3742; x_wconf 83' lang='lat' dir='ltr'><strong>T„1·aj.</strong></span> <span class='ocrx_word' id='word_1_238' title='bbox 825 3692 853 3746; x_wconf 87' lang='lat' dir='ltr'>p.</span> <span class='ocrx_word' id='word_1_239' title='bbox 869 3679 941 3736; x_wconf 80' lang='lat'>5¹·“</span> <span class='ocrx_word' id='word_1_240' title='bbox 967 3666 1110 3725; x_wconf 78' lang='lat' dir='ltr'>Almelov.</span> 
     </span>
     <span class='ocr_line' id='line_1_33' title="bbox 187 3749 1195 3829; baseline 0.001 -21"><span class='ocrx_word' id='word_1_241' title='bbox 187 3756 238 3808; x_wconf 85' lang='lat' dir='ltr'>lec.</span> <span class='ocrx_word' id='word_1_242' title='bbox 254 3750 334 3807; x_wconf 86' lang='lat' dir='ltr'>loe.&#39;</span> <span class='ocrx_word' id='word_1_243' title='bbox 324 3767 364 3806; x_wconf 78' lang='lat' dir='ltr'>ita</span> <span class='ocrx_word' id='word_1_244' title='bbox 378 3770 450 3806; x_wconf 83' lang='lat' dir='ltr'>mox</span> <span class='ocrx_word' id='word_1_245' title='bbox 462 3763 512 3821; x_wconf 78' lang='lat'>28</span> <span class='ocrx_word' id='word_1_246' title='bbox 524 3769 571 3825; x_wconf 85' lang='lat'>29.</span> <span class='ocrx_word' id='word_1_247' title='bbox 588 3773 641 3827; x_wconf 81' lang='lat' dir='ltr'>qua</span> <span class='ocrx_word' id='word_1_248' title='bbox 644 3773 670 3806; x_wconf 87' lang='lat' dir='ltr'>e·</span> <span class='ocrx_word' id='word_1_249' title='bbox 754 3768 806 3827; x_wconf 78' lang='lat'>27.</span> <span class='ocrx_word' id='word_1_250' title='bbox 840 3749 1052 3829; x_wconf 71' lang='lat' dir='ltr'>Ureopltrafius.</span> <span class='ocrx_word' id='word_1_251' title='bbox 1096 3753 1148 3809; x_wconf 81' lang='grc' dir='ltr'>οΙ.</span> <span class='ocrx_word' id='word_1_252' title='bbox 1165 3771 1195 3828; x_wconf 88' lang='grc'>9,</span> 
     </span>
     <span class='ocr_line' id='line_1_34' title="bbox 183 3836 857 3912; baseline -0.003 -19.997"><span class='ocrx_word' id='word_1_253' title='bbox 183 3839 252 3906; x_wconf 60' lang='lat' dir='ltr'>&#39;piam</span> <span class='ocrx_word' id='word_1_254' title='bbox 265 3852 307 3877; x_wconf 61' lang='lat'>⁴-</span> <span class='ocrx_word' id='word_1_255' title='bbox 322 3836 510 3911; x_wconf 79' lang='lat' dir='ltr'>quaedam-</span> <span class='ocrx_word' id='word_1_256' title='bbox 524 3838 669 3912; x_wconf 80' lang='lat' dir='ltr'>quaedam.</span> <span class='ocrx_word' id='word_1_257' title='bbox 713 3846 741 3904; x_wconf 82' lang='grc'>9,</span> <span class='ocrx_word' id='word_1_258' title='bbox 765 3848 857 3908; x_wconf 90' lang='grc'>88.</span> 
     </span>
     <span class='ocr_line' id='line_1_35' title="bbox 230 3908 1193 3997; baseline -0.001 -18"><span class='ocrx_word' id='word_1_259' title='bbox 230 3920 280 3979; x_wconf 76' lang='lat'>26.</span> <span class='ocrx_word' id='word_1_260' title='bbox 301 3921 426 3975; x_wconf 79' lang='lat' dir='ltr'>alteram.</span> <span class='ocrx_word' id='word_1_261' title='bbox 448 3920 484 3976; x_wconf 84' lang='lat' dir='ltr'>cf.</span> <span class='ocrx_word' id='word_1_262' title='bbox 507 3932 534 3986; x_wconf 83' lang='lat'>5.</span> <span class='ocrx_word' id='word_1_263' title='bbox 557 3922 604 3983; x_wconf 85' lang='grc' dir='ltr'>ιὸ,</span> <span class='ocrx_word' id='word_1_264' title='bbox 619 3920 692 3994; x_wconf 85' lang='grc'>69.</span> <span class='ocrx_word' id='word_1_265' title='bbox 755 3925 784 3976; x_wconf 80' lang='lat' dir='ltr'>in</span> <span class='ocrx_word' id='word_1_266' title='bbox 803 3942 849 3997; x_wconf 84' lang='lat' dir='ltr'>pe</span> <span class='ocrx_word' id='word_1_267' title='bbox 841 3920 929 3996; x_wconf 83' lang='lat' dir='ltr'>Joms</span> <span class='ocrx_word' id='word_1_268' title='bbox 951 3921 1041 3977; x_wconf 76' lang='lat' dir='ltr'>decor.</span> <span class='ocrx_word' id='word_1_269' title='bbox 1063 3908 1101 3979; x_wconf 68' lang='lat' dir='ltr'>clf</span> <span class='ocrx_word' id='word_1_270' title='bbox 1117 3923 1146 3988; x_wconf 89' lang='grc'>6,</span> <span class='ocrx_word' id='word_1_271' title='bbox 1155 3944 1193 3984; x_wconf 65' lang='lat' dir='ltr'>u,</span> 
     </span>
     <span class='ocr_line' id='line_1_36' title="bbox 232 4004 1193 4084; baseline 0.004 -26"><span class='ocrx_word' id='word_1_272' title='bbox 232 4005 460 4080; x_wconf 63' lang='lat' dir='ltr'>damnantque</span> <span class='ocrx_word' id='word_1_273' title='bbox 484 4023 540 4059; x_wconf 80' lang='lat' dir='ltr'>non</span> <span class='ocrx_word' id='word_1_274' title='bbox 567 4004 669 4058; x_wconf 80' lang='lat' dir='ltr'>intelli·</span> <span class='ocrx_word' id='word_1_275' title='bbox 710 4009 762 4074; x_wconf 78' lang='lat'><strong>&#39;25.</strong></span> <span class='ocrx_word' id='word_1_276' title='bbox 784 4016 820 4074; x_wconf 86' lang='lat'>8,</span> <span class='ocrx_word' id='word_1_277' title='bbox 836 4019 871 4084; x_wconf 75' lang='lat'>5,</span> <span class='ocrx_word' id='word_1_278' title='bbox 888 4019 936 4062; x_wconf 76' lang='lat'>22.</span> <span class='ocrx_word' id='word_1_279' title='bbox 963 4019 998 4073; x_wconf 81' lang='grc'>4,</span> <span class='ocrx_word' id='word_1_280' title='bbox 1016 4023 1052 4073; x_wconf 67' lang='lat'>2,</span> <span class='ocrx_word' id='word_1_281' title='bbox 1073 4026 1120 4082; x_wconf 86' lang='lat'>19.</span> <span class='ocrx_word' id='word_1_282' title='bbox 1144 4027 1193 4067; x_wconf 81' lang='grc' dir='ltr'>ιι.</span> 
     </span>
     <span class='ocr_line' id='line_1_37' title="bbox 193 4064 816 4162; baseline 0.005 -21"><span class='ocrx_word' id='word_1_283' title='bbox 193 4099 270 4161; x_wconf 70' lang='lat' dir='ltr'>gunt.</span> <span class='ocrx_word' id='word_1_284' title='bbox 306 4064 393 4150; x_wconf 72' lang='lat' dir='ltr'>„lieo</span> <span class='ocrx_word' id='word_1_285' title='bbox 412 4106 449 4143; x_wconf 85' lang='lat' dir='ltr'>ex</span> <span class='ocrx_word' id='word_1_286' title='bbox 462 4088 602 4144; x_wconf 76' lang='lat' dir='ltr'>Strabone</span> <span class='ocrx_word' id='word_1_287' title='bbox 616 4087 670 4145; x_wconf 89' lang='lat' dir='ltr'>lib.</span> <span class='ocrx_word' id='word_1_288' title='bbox 715 4110 743 4154; x_wconf 83' lang='lat'>1,</span> <span class='ocrx_word' id='word_1_289' title='bbox 764 4098 816 4162; x_wconf 75' lang='lat'>44.</span> 
     </span>
    </p>
   </div>
   <div class='ocr_carea' id='block_1_8' title="bbox 0 0 1307 4666">
    <p class='ocr_par' dir='ltr' id='par_1_14' title="bbox 0 0 1307 4666">
     <span class='ocr_line' id='line_1_38' title="bbox 0 0 1307 4666; baseline 0 0"><span class='ocrx_word' id='word_1_290' title='bbox 0 0 1307 4666; x_wconf 95' lang='lat' dir='ltr'> </span> 
     </span>
    </p>
   </div>
  </div>
 </body>
</html>
