2586 4666
707 100 718 155 ¹
750 100 755 107 .

488 214 824 335 einnuair'o'i
859 258 869 355 ζ
971 302 975 310 .
1088 273 1140 323 .v

122 448 238 540 'vitae
254 432 345 536 suae
365 452 514 535 munus
535 456 726 559 exegisset,
754 458 798 535 id
814 458 912 535 meis
927 450 1138 559 ipliusad-
1189 548 1192 553 .

121 602 337 691 'junxeram
352 592 567 681 laboribus,
590 595 662 690 qui
674 617 805 690 neque
820 591 969 692 deponi
986 586 1137 690 pollent

129 752 203 803 nec
226 724 408 800 deminui
416 750 426 813 ;
472 751 493 797 a
519 725 667 823 quibus
690 725 847 798 nonita
872 723 1048 797 multum
1071 719 1136 797 su·-

129 856 290 960 perfore
315 858 388 931 otii
408 854 592 936 videbam
613 856 797 955 negotio,
841 853 952 953 quod
982 851 1134 927 summi

120 998 222 1064 ‘cum
251 986 335 1062 fide
359 1003 398 1061 et
422 988 618 1085 religione
641 978 785 1084 exequi
816 984 898 1088 ipsa
928 981 1133 1062 decessoris

50 1120 53 1125 ’
122 1092 339 1195 auctoritas
355 1119 528 1218 cogebat.
586 1119 688 1192 Mox
704 1118 773 1190 illa
787 1117 1018 1193 inciderunt
1035 1110 1133 1193 terit-

127 1276 236 1353 pora,
244 1274 316 1350 per
324 1275 423 1349 quae
439 1247 589 1325 constat
593 1249 858 1325 maximorum
869 1228 1132 1325 minimorum

126 1383 384 1483 negotiorum
413 1395 594 1456 tenorem
622 1385 894 1480 interruptum
926 1378 1131 1455 substitille

127 1512 386 1612 aliquamdiu.
420 1504 535 1587 Plrira
543 1538 629 1588 non
640 1513 778 1585 attinet
792 1507 931 1586 afferre
949 1510 999 1587 ad
1014 1538 1130 1589 excua

117 1640 284 1743 ‘landam
299 1636 523 1719 tarditatem
532 1666 675 1733 meam,
690 1645 773 1738 qui,
785 1628 895 1741 quod
905 1645 1006 1717 intra
1018 1618 1130 1718 men·

120 1775 568 1878 'liumaliquotspatium
580 1789 830 1874 peracturum
842 1772 1128 1872 mesperallem,

121 1884 235 1985 nunc
249 1908 425 1996 demum,
436 1904 692 2005 initoquinto
709 1903 795 2006 post
806 1905 1025 2004 Spaldingii
1042 1894 1128 1981 obi·
1222 1996 1226 2003 Ι

14 2084 21 2101 ι
122 2055 212 2116 tum
229 2066 347 2128 anno,
358 2038 591 2139 peregerim.
682 2076 685 2081 ’

120 2210 123 2215 ·
209 2173 323 2246 Novi
339 2176 556 2270 apparatus
551 2170 692 2242 criticr·
672 2166 789 2241 inde
804 2167 950 2240 atertii·
945 2168 1127 2242 volumi·

120 2300 184 2409 nis
196 2298 386 2373 editione
388 2295 660 2415 niltl'l'leditori·
664 2292 862 2370 accellerat
875 2314 1030 2398 praeter
1039 2298 1125 2377 du'o

119 2400 279 2506 eodices
304 2454 389 2502 non
406 2425 505 2503 adeo
522 2408 655 2526 magni
677 2416 841 2525 quidem
858 2429 995 2526 pretii,
1022 2456 1125 2529 quos

102 2554 255 2637 'tamen
268 2572 425 2661 paratos
438 2560 638 2658 negligere
654 2558 797 2634 noluit.
830 2561 1061 2677 Qurppevir
1074 2562 1124 2635 al

119 2686 365 2767 lustriffimue
381 2705 421 2764 et
435 2682 678 2766 doe'tissimus
694 2693 742 2763 H.
750 2691 793 2763 Ἐ
805 2688 856 2763 de
865 2693 977 2779 Diez,
994 2695 1038 2766 in
1054 2694 1123 2800 οιιρμ

86 2788 91 2809 ¹
114 2826 183 2919 lus
198 2800 381 2897 ditiffimo
398 2828 533 2897 rerum
549 2821 599 2895 ad
608 2810 912 2898 nostraslitterae
922 2826 1124 2923 pertinen·

115 2955 223 3029 tium
245 2942 428 3039 thesauro
443 2955 596 3053 primas
612 2967 740 3052 'partes
759 2970 925 3054 occupat
947 2954 1124 3057 supellex

26 3124 32 3145 e
120 3086 297 3160 Sentenii
318 3086 518 3174 litteraria3
543 3085 697 3184 'quique
719 3084 841 3177 hujus
858 3070 980 3159 'ulum
1004 3086 1124 3164 bonis

33 3252 38 3259 ·
119 3218 349 3337 permittere
366 3221 411 3292 in
426 3217 545 3292 laude
562 3213 1125 3319 lueponit,Spald1n0101nde

24 3346 27 3355 '
119 3360 219 3422 tum
229 3348 415 3423 libellum
433 3349 581 3424 obtulit
605 3349 732 3434 varias
755 3348 955 3424 lectiones
964 3353 1124 3455 Quinti-

119 3444 237 3553 liani
242 3504 290 3552 ex
313 3479 450 3555 codice
471 3481 608 3601 aliquo
625 3494 822 3607 excerptas
841 3483 1123 3573 continentem,-
1245 3514 1260 3579 ᾗ

47 3626 50 3631 “
103 3622 207 3684 ¹tum
218 3611 483 3709 Florilegium
489 3610 538 3684 ab
552 3609 723 3708 ant-iqua
728 3600 857 3685 manu
869 3612 912 3684 in
930 3614 1125 3688 menibus·

114 3737 393 3840 'nisscriptum,
412 3726 704 3841 sententiaeque
715 3766 769 3814 -ex
783 3744 1017 3819 Latinorum
1034 3738 1125 3824 l'rri·

119 3885 286 3972 ptorum
306 3860 929 3972 opertonttoettectas·-extnbens.·-
968 3878 1126 3957 Horum

121 3988 323 4085 librttt‘wn
335 3990 444 4096 aen
454 4000 908 4104 queuthoc'frgtto'Exe'.
929 4007 1036 4086 Sunt.
1052 3992 1127 4088 nol
