2586 4666
170 275 244 372 71'6
520 258 814 359 aduritur.

177 466 180 471 ’
253 462 350 529 uestit
376 490 410 529 ut
428 491 577 538 moneam,
606 468 706 551 virum
730 473 964 539 eruditissimum,
988 480 1042 552 qui
1065 481 1167 535 Sueto·
1207 478 1210 482 ’

166 558 252 621 nium
274 558 472 615 Errre'sslanum
495 558 658 617 auctiorem
679 561 857 633 procuravit,
889 564 921 615 in
943 560 1043 615 notula
1066 564 1102 616 ad
1122 563 1166 619 lo·
1224 611 1228 620 .

167 660 236 703 cum
265 644 347 717 supra
375 640 521 717 laudatum
549 640 728 699 sessinant'iue
757 642 857 718 scripta
887 645 918 698 in
938 640 1069 701 'errorem
1092 648 1166 703 inci·

166 724 253 807 tiisse,
287 714 373 801 quenl
397 728 429 781 in
456 720 794 802 studiosorum'gratiem
817 728 865 783 vel
889 726 957 784 idco
980 745 1095 804 tangere
1118 730 1166 786 de·

165 810 232 873 b'eo,
255 810 334 885 quod
355 808 431 891 'tante
452 811 559 867 marito
582 812 620 867 est
641 812 702 868 viri
721 812 804 868 illiue
827 817 902 887 apud
922 832 1022 869 omnes
1037 832 1071 869 ut
1086 815 1164 889 apud

163 915 211 950 me
232 896 325 973 ipsum
346 888 529 952 auctoritem*
556 898 725 953 Nam'cum
747 897 788 952 ait
808 895 907 955 solitos
931 896 983 953 esse
1006 896 1163 972 plerosque

162 979 275 1055 „magio
295 978 371 1053 infra
392 978 483 1036 latum
509 979 653 1036 clevum“
674 981 762 1056 cingi,
784 1001 871 1054 „quo
894 983 1073 1057 conspectior
1095 982 1164 1038 esset

162 1063 260 1128 „clevi
281 1062 432 1141 latitudo¹‘,
456 1066 600 1123 Caesarem
624 1084 724 1122 contra
747 1066 787 1119 ita
810 1066 915 1129 secisse,
940 1082 972 1121 ut
994 1066 1091 1122 clavus
1115 1083 1162 1122 tu·

93 1202 96 1213 ,
160 1146 241 1203 nicae
266 1138 531 1223 prope⁷'tcgeretur;
571 1152 752 1208 manifestum
776 1149 812 1205 est
834 1153 965 1206 accidisse
986 1153 1030 1213 ei,
1067 1168 1102 1206 ut
1125 1150 1161 1206 de

160 1230 244 1286 clavo
272 1236 302 1287 iu
331 1220 512 1311 tiintuersum
541 1248 621 1291 eunte
649 1237 802 1310 cogitaret:
850 1238 930 1310 quod
957 1237 1034 1291 secut
1062 1236 1162 1295 fuisse.

157 1317 294 1391 profecto
323 1338 384 1375 non
401 1308 468 1404 'ego
499 1309 616 1377 doctior
644 1321 751 1383 doceo,
794 1321 843 1375 sed
877 1320 965 1396 longe
986 1318 1162 1376 ¹doctiorem

156 1416 276 1463 moneo,
362 1454 365 1461 .

195 1632 198 1639 ,
222 1558 225 1563 ¹
248 1556 367 1651 Adiit,
390 1586 420 1641 3,
444 1583 512 1639 175.
544 1573 734 1629 Commissum
756 1572 806 1627 hic
833 1570 870 1626 est
891 1593 906 1626 a
928 1593 985 1636 me,
1008 1588 1042 1627 ut
1064 1574 1160 1629 textui

159 1676 219 1735 non
242 1673 321 1714 recte
339 1658 528 1741 respondeant
549 1674 633 1728 notae
656 1656 825 1730 Spaldingii.
851 1658 928 1712 Nam
952 1677 1017 1711 cum
1039 1674 1096 1713 tree
1119 1659 1159 1713 es-

156 1742 218 1797 sent
239 1742 408 1816 scripturae,
439 1762 561 1817 quarum
585 1745 658 1797 ratio
681 1741 810 1796 habenda
834 1743 918 1802 esset,
948 1742 1067 1816 vulgata
1088 1742 1155 1797 haee

157 1828 325 1907 ssdicenclc
338 1824 420 1902 sunt,
443 1827 576 1882 codicum
599 1827 720 1880 haec-
735 1827 878 1882 dicendum
902 1822 954 1898 est,
980 1825 1156 1901 Spaldingii·

158 1934 216 1991 que
238 1914 403 1983 conjectura
425 1912 528 1966 lroc-
546 1912 689 1967 dicendum
713 1907 766 1982 est,
790 1913 849 1987 ipse
872 1909 1058 1984 Spaldingiue
1080 1910 1156 1966 hanc

156 1997 276 2081 quidem
299 1997 395 2050 textui
418 1996 613 2052 destinaverat.
658 1995 739 2049 Mihi
767 2012 862 2050 tamen
878 1996 977 2049 'tutius
1000 1994 1155 2051 videbatur

148 2080 319 2153 ,relinquere
342 2080 489 2154 vulgatam
514 2096 543 2134 et
565 2082 600 2134 de
621 2079 743 2153 reliquie
766 2082 798 2134 in
821 2082 899 2134 notia
921 2099 1056 2142 monere,
1082 2099 1154 2154 quoe

153 2158 300 2239 rulgata'e,
319 2181 352 2218 ut
373 2165 465 2226 vides,
490 2165 631 2239 adaptavi.
662 2165 765 2219 Nescio
788 2166 888 2238 itaque
910 2165 962 2237 qui
983 2166 1090 2220 sactum
1110 2165 1159 2226 fit,

153 2240 189 2304 ut
210 2249 344 2304 codicum
366 2250 540 2322 scripturam
571 2250 666 2302 textui
693 2250 892 2304 immitterem.
942 2250 1049 2312 Nun'c,
1079 2247 1154 2322 poil-

152 2318 239 2407 q'uam
263 2332 298 2389 de
320 2353 354 2388 eo
377 2334 499 2397 monui,
533 2353 594 2389 non
617 2333 688 2386 adeo
711 2332 821 2387 malum
845 2333 891 2388 esi.
915 2342 917 2351 '
946 2335 1040 2404 Quare
1063 2335 1098 2388 de
1120 2351 1153 2385 re

150 2412 210 2501 ipsa
232 2408 288 2489 jem
310 2417 487 2473 videbimus.
532 2419 647 2490 Nempe
670 2434 734 2472 ante
756 2436 809 2471 noe
832 2418 901 2471 haec
923 2417 1012 2471 verba
1032 2415 1151 2482 „misel-

150 2500 495 2579 „lueetpaupe1·culus“
517 2518 549 2556 ut
573 2518 600 2556 et
624 2501 695 2557 haec
716 2501 821 2566 „sortis
845 2517 873 2555 et
894 2500 1051 2559 vehement
1066 2517 1095 2562 et
1110 2499 1151 2554 la-

150 2596 238 2652 „tro⁸·
265 2586 305 2641 ita
327 2587 432 2644 litteris
457 2586 712 2661 distinguebantur,
734 2603 767 2641 ut
789 2585 909 2659 copulae
934 2605 1051 2660 quoque
1073 2600 1151 2641 et·-

150 2684 263 2735 0t-et
282 2674 388 2739 ⁴eodem
409 2691 468 2749 quo
491 2673 611 2727 nomina
634 2671 794 2727 charactere
812 2672 956 2743 expressae
974 2671 1068 2726 essent.
1089 2672 1149 2726 Ne·

65 2766 71 2775 ”
150 2774 209 2839 que
232 2756 387 2837 quicquam
411 2774 510 2813 contra
528 2772 635 2829 'monet
656 2759 703 2830 Sp.
727 2755 836 2811 Omnes
856 2755 954 2828 itaque
978 2775 1062 2808 unam
1084 2774 1148 2808 ver·

148 2834 257 2909 borum
281 2840 517 2917 complexionem
549 2857 611 2895 tum
640 2841 672 2895 in
693 2839 754 2894 illis
783 2860 818 2892 m.
850 2848 877 2892 ct
898 2860 928 2912 p.
959 2854 1020 2893 tum
1047 2838 1079 2891 in
1100 2837 1147 2890 his

143 2902 178 3005 f:-
197 2942 225 2981 et
246 2949 273 2982 v.
297 2940 324 2980 et
343 2914 365 2978 l.
389 2942 581 2997 agnoverunt.
630 2925 717 2996 Quod
736 2924 816 2977 'secus
839 2923 892 2977 esse
914 2922 972 2998 ipsa
989 2942 1033 2977 ree
1055 2922 1148 2980 docet,

147 3014 216 3081 elim
238 3007 349 3087 singula
371 3008 459 3065 verba
482 3006 568 3081 etiam
590 3011 666 3081 suam
689 3006 795 3062 habere
812 3006 1081 3080 pronuntiationem
1097 3005 1148 3057 do·

148 3086 214 3165 cpia
238 3096 312 3152 velit
335 3098 390 3170 Qu.
411 3094 503 3147 immo
528 3097 582 3173 tria
603 3093 760 3169 posteriora
789 3092 878 3169 verba
901 3096 936 3146 ne
961 3102 1064 3146 coe'ant
1085 3088 1150 3165 qui·

148 3176 215 3255 dem
240 3182 323 3241 benc.
369 3180 448 3232 Haec
470 3178 662 3234 consideranti
685 3174 826 3249 singulare
849 3177 899 3231 hoc
919 3194 1022 3250 parum
1045 3173 1150 3249 proba·

146 3261 248 3337 biturg
280 3252 372 3340 ¹quo'd
400 3264 438 3317 sic
466 3263 521 3318 soli
549 3263 619 3318 voci
648 3259 768 3335 misellus
789 3260 994 3335 applicandum
1017 3273 1045 3312 et
1067 3258 1152 3330 quiu-

146 3349 233 3423 quiee
254 3367 351 3415 mente
373 3348 561 3420 repetendum
585 3347 659 3401 esset.
708 3348 774 3398 Hoc
794 3344 892 3421 itaque
914 3344 974 3398 fine
995 3341 1081 3397 libris
1104 3339 1151 3393 ad-

117 3420 264 3505 imittere
287 3435 399 3491 veritus
422 3434 491 3486 sum.
534 3422 667 3486 ⁵Interim
691 3428 757 3503 quie
779 3444 878 3483 contra
900 3427 994 3482 libror
1019 3425 1149 3500 optimos

108 3563 113 3569 .
146 3510 176 3589 et
196 3534 310 3575 tantum
334 3538 393 3572 non
417 3537 517 3572 omnes
536 3515 643 3572 servari
664 3512 738 3577 velit
759 3512 913 3588 vulgatum
936 3507 1149 3584 dicendasunt?

58 3658 65 3672 ¹
147 3602 192 3657 lta
209 3584 613 3675 peritioribus*cogitandum
636 3596 788 3673 relinquo,
827 3616 923 3651 annon
951 3597 983 3650 in
1004 3595 1058 3647 hac
1080 3591 1149 3645 scri·

144 3682 231 3773 litura
253 3684 428 3759 agnoscenda
446 3688 481 3738 sit
502 3676 596 3741 rarior
617 3681 667 3736 illa
690 3683 792 3755 utique
820 3682 852 3735 in
875 3681 974 3737 latinia
996 3680 1148 3738 structura,

91 3818 94 3823 .
145 3786 202 3847 qua
222 3771 414 3824 accusativum
437 3758 518 3843 regit*
533 3760 650 3825 verbale
671 3784 806 3827 neutrum
830 3767 862 3819 in
884 3768 958 3821 dum.
998 3764 1042 3817 cf.
1067 3763 1147 3814 Heu-

144 3846 215 3927 stirg.
248 3870 277 3907 et
307 3855 416 3909 Gernh.
446 3852 481 3907 ad
510 3855 570 3910 Cic.
595 3852 653 3906 Off.
679 3871 710 3917 r,
734 3863 784 3919 3¹·
813 3851 837 3918 ᾖ.
873 3866 943 3905 112.
973 3848 1027 3922 qui
1051 3859 1147 3896 tamen

143 3934 204 4011 ¹l⁰.¹¹
225 3953 303 3991 recte
326 3955 448 3994 utuntur
470 3937 604 4013 exemplo
627 3926 728 4013 Famil.
753 3946 780 4001 5,
802 3950 848 4002 17.
875 3951 946 3989 extr.
970 3930 1022 3986 ubi
1042 3944 1147 3980 verum

146 4014 185 4075 alt'
202 4023 380 4093 gerundium
404 4025 456 4089 (ad
476 4020 644 4085 lacendum),
670 4021 753 4090 cujus
777 4020 886 4079 diversa
911 4015 948 4069 ess
960 4012 1043 4067 ratio.
1068 4010 1145 4064 Con·

53 4152 56 4157 .
105 4132 108 4137 ·
145 4104 253 4161 seratur
276 4106 364 4160 etiam
385 4123 474 4162 notus
498 4108 648 4162 Ciceronis
669 4103 753 4160 locus
775 4107 840 4160 Seu.
862 4117 891 4157 a.
922 4101 999 4155 viam
1019 4094 1145 4168 tongam.
