2586 4666
25 266 28 275 '
76 382 79 390 ,
186 304 259 376 552
376 286 1029 397 ··n..raa.on1ur11.nnr·g

154 478 284 555 ¹sono
306 473 529 574 indulgent.
589 478 644 549 Ut
659 474 714 549 est
730 484 862 551 autem
879 460 1194 573 necellaria'iterq
1234 547 1240 556 .

153 666 158 677 ,
186 596 335 671 borum
351 593 586 691 explanatio,
603 591 659 664 ita
671 616 817 692 omnes
836 593 1034 689 imputare
1051 594 1204 683 et'vel-¹

130 722 137 770 ·ἰ
186 726 235 784 ut
262 731 521 783 annumerare
551 706 722 795 litteras,
751 704 985 796 molestum,
1005 700 1058 781 ‘et‘
1076 707 1193 783 odio-

130 845 170 904 54
186 822 291 925 lum..
344 824 452 895 Nam
471 814 511 893 et
536 819 1017 920 vocales·frequentiffime
1033 829 1193 911 coeunt,

173 938 226 1013 ¹et
256 935 560 1033 consonantium
588 935 781 1033 quaedam
806 934 1040 1034 insequente
1058 939 1193 1012 vocali

185 1051 454 1128 diffimulatur.
482 1052 695 1150 utriusque
719 1054 949 1154 exemplum
971 1050 1192 1155 posuimus,

165 1259 168 1263 -
270 1214 412 1274 Multum·
429 1213 481 1271 ille
503 1225 531 1271 et
552 1217 650 1271 terrie.
673 1245 774 1279 -,-
865 1234 872 1249 =

86 1400 89 1405 ν
127 1381 174 1458 55,
187 1356 342 1432 Vitatur
371 1355 499 1433 etiam.
521 1352 735 1431 duriorum
760 1354 865 1427 inter
886 1350 925 1427 se
953 1351 1192 1454 congrellus‚

91 1632 96 1642 '
185 1643 259 1689 non,
280 1620 352 1677 item
366 1638 423 1673 non
437 1636 504 1673 cum
519 1615 597 1673 Flor.
613 1636 668 1691 pro
683 1617 765 1671 dunat
789 1635 847 1671 acc.
862 1617 981 1673 videtur
997 1617 1075 1681 Alm.
1093 1620 1194 1699 quiet

157 1759 160 1766 ,
184 1721 266 1768 mox,
289 1705 393 1760 itidem
406 1722 460 1779 per
474 1698 692 1776 compendium,
708 1701 854 1781 Jonolnou
870 1704 938 1765 ind„
951 1703 1005 1758 ubi
1016 1704 1115 1758 Turio.
1125 1701 1192 1780 solo

186 1811 243 1845 non
265 1793 284 1847 ἱ.
464 1789 611 1862 imputare.
634 1786 682 1841 sic
706 1786 806 1842 Turio.
829 1793 844 1857 (
851 1789 906 1843 nili
926 1788 1007 1862 quod
1029 1791 1192 1859 inputatte)

184 1873 262 1930 Flor.
284 1873 385 1930 Ambr.
402 1887 430 1926 2.
448 1868 626 1948 (ethorum
647 1886 772 1946 uterque
789 1874 827 1936 in,
853 1866 914 1928 nori
934 1875 993 1939 im)
1010 1870 1108 1928 Guell.
1123 1892 1193 1928 cnm

185 1957 275 2014 Go‘tlr.
290 1958 368 2014 Alm.
384 1958 462 2016 Vols.
480 1970 508 2009 2.
531 1957 605 2018 Jenl.
623 1973 652 2011 et
672 1957 736 2011 edd.
750 1956 869 2030 postem.
887 1974 952 2013 ante
967 1955 1033 2011 Ald.
1048 1976 1105 2015 acc.
1119 1958 1193 2012 Bari:

183 2044 342 2118 Gelanip.
365 2041 484 2116 Reliqui
495 2056 662 2114 computare.
684 2042 796 2116 camp„
804 2056 838 2097 ut
851 2062 915 2106 noa,
924 2054 1107 2099 annumerare
1122 2054 1191 2099 cum
1239 2060 1242 2064 ’

184 2127 249 2182 edd.
267 2144 332 2181 ante
347 2129 448 2181 Burm.

247 2251 296 2334 54.
321 2259 510 2337 afferuntur.
541 2259 806 2317 sacrificator.
834 2254 955 2334 Reliqui
976 2259 1192 2338 immutantur.
1274 2252 1277 2257 “

184 2350 260 2407 Mox
277 2348 309 2402 in
323 2346 391 2401 loco
405 2346 512 2420 Virgil.
531 2347 644 2403 omittit
657 2337 756 2400 Turio.
776 2345 832 2399 ille.
859 2345 946 2399 Goth.
965 2347 1029 2400 inde
1046 2367 1102 2423 pro
1119 2348 1192 2403 uude

117 2456 123 2465 ²
185 2434 243 2504 (cl.
263 2451 299 2506 9,
325 2449 362 2499 q,
378 2432 460 2499 51.).
483 2433 583 2507 Camp.
600 2432 729 2506 Idemque
753 2447 809 2504 pro
832 2422 960 2505 Ideoque.
983 2431 1062 2486 Flor.
1078 2434 1191 2489 Catullo

185 2539 252 2574 cum
268 2519 368 2591 Camp.
391 2532 419 2570 et
441 2517 505 2571 etld.
528 2516 696 2578 anteAld.,
727 2514 878 2590 quomodo
903 2529 932 2568 et
953 2514 981 2577 6,
1001 2527 1100 2586 5,81.
1123 2536 1192 2573 cum
1237 2508 1244 2530 ⁴

185 2596 282 2659 Guelf.
296 2603 344 2679 secl
356 2603 414 2656 line
428 2599 508 2657 hisce
524 2603 632 2657 erroris
645 2601 738 2658 sociis.

101 2870 103 2875 ,
146 2850 149 2861 .
183 2816 335 2890 „intelligi
363 2817 435 2871 adeo
462 2837 524 2873 non
543 2816 668 2892 poffint“
710 2830 762 2870 tur.
795 2821 832 2873 In
850 2816 983 2894 exemplo
998 2815 1117 2888 quidem
1132 2815 1190 2873 illo
1216 2806 1225 2823 ¹

182 2900 331 2974 intelligo.
376 2902 565 2966 Devorantur,
593 2922 666 2976 quae
709 2900 781 2956 libri
809 2903 882 2957 noni
905 2903 963 2957 hoc
990 2914 1017 2955 et
1038 2905 1116 2955 terris
1139 2903 1191 2956 ad·

183 2988 238 3043 vix
258 2986 405 3059 prodeunt
423 3003 489 3047 ore,
518 2983 666 3060 destituun·
707 2986 817 3057 jectum
850 3007 911 3041 non
943 2987 1082 3061 legimus,
1127 3007 1190 3060 quo

184 3085 237 3134 tur,
260 3089 332 3142 quae
350 3068 478 3124 claritate
494 3089 598 3126 carent.
621 3071 667 3124 Ad
707 3070 769 3144 ipio
786 3072 832 3135 lit,
854 3087 887 3124 ut
904 3073 1072 3146 utriusque.
1093 3088 1122 3126 et
1138 3070 1195 3135 eli-

185 3156 578 3212 annumerandumaGelnero
588 3170 665 3210 recte
707 3154 795 3212 lionis
814 3155 965 3221 vocalium
987 3169 1016 3210 et
1038 3173 1191 3228 corruptae

182 3242 290 3297 citatur
306 3239 368 3294 Cic.
386 3239 420 3292 de
436 3239 486 3294 Or.
505 3254 535 3306 5,
555 3260 602 3295 ιι.
620 3260 665 3293 er·
707 3238 821 3294 litterae
845 3244 895 3301 M,
925 3260 987 3295 non
1010 3242 1191 3303 adeomani·

182 3327 267 3401 primi
280 3325 390 3378 litterar
402 3325 534 3397 putidius.
573 3328 665 3398 Supra
708 3324 808 3379 testum
818 3325 908 3380 fuerit
917 3326 1093 3399 exemplum.
1109 3327 1193 3380 Num

185 3428 304 3481 quoque
327 3409 403 3482 apud
423 3408 552 3462 nostrum
567 3409 605 3462 est
619 3430 665 3461 ex·
708 3410 801 3481 igitur
822 3429 857 3464 eo
879 3408 944 3465 loco
961 3411 1033 3464 haec
1049 3409 1192 3464 vocabula
1244 3412 1253 3425 ”

183 3494 313 3568 planaria
337 3513 435 3547 vocum
461 3515 486 3556 1,
514 3505 540 3560 5,
565 3506 614 3558 55.
638 3508 666 3547 et
709 3495 872 3547 ascribenda
912 3492 999 3547 lunt?
1058 3494 1194 3568 Suspicor

182 3577 273 3630 modo
284 3595 314 3629 or
322 3578 510 3648 explanatum.
519 3579 579 3633 vid.
596 3580 666 3633 Ern.
710 3580 822 3651 magis,
845 3579 910 3639 hic,
933 3579 987 3631 ubi
1008 3597 1086 3632 nunc
1100 3578 1211 3643 uersa·¹
1255 3608 1260 3623 =

131 3679 133 3682 ⁴
184 3659 265 3716 Clau.
283 3659 344 3714 Cic.
360 3659 390 3715 h.
405 3679 434 3715 v.
446 3661 517 3716 item
527 3683 581 3717 nou
593 3664 666 3735 ³⁴19·
709 3682 792 3723 mur,
822 3663 897 3715 male
924 3672 1090 3726 memorem
1108 3661 1194 3717 {uitro

183 3753 213 3814 4,
234 3753 283 3812 54.
709 3746 836 3799 nostrum
854 3749 924 3816 ojus,
948 3749 1028 3818 quod
1046 3748 1194 3821 suprapo-

228 3825 666 3902 54.p0suimus.9,‹i‚4o.„con·
708 3829 811 3891 luerit,
843 3850 909 3883 cum
952 3833 1118 3904 praesertim
1159 3832 1195 3888 id
1279 3836 1282 3843 '

183 3910 368 3969 „sonantium
389 3914 546 3988 quaedam“
563 3914 613 3967 ltic
630 3914 668 3967 est
708 3904 802 3986 ipsum
827 3914 899 3969 alibi
927 3933 1090 3991 compareat
1106 3922 1196 3989 '9:53

184 4009 246 4045 non
268 3995 323 4045 nili
345 4017 400 4048 una
416 3997 437 4050 i.
453 4016 477 4048 e.
498 3999 546 4057 Μ,
576 4016 664 4068 quare
710 4011 758 4062 52.
773 3998 809 4052 cl.
826 4015 887 4054 not.
903 3999 968 4052 crit.
1024 4020 1027 4027 ·

183 4073 337 4148 lingularie
365 4079 488 4153 ponitur
516 4077 665 4156 diffiorula·
