2586 4666
160 292 270 370 dnss
438 224 962 390 M9ran2qurnr1a1anr
1022 338 1030 347 .
1082 253 1087 259 '
1182 238 1187 248 ’

196 463 322 541 averli
344 463 418 541 diu
441 455 612 541 sumuss
670 464 834 541 Interim
856 480 990 540 tamen
1012 465 1203 545 recedere
1265 454 1268 459 ¹

142 596 145 601 ·
195 578 338 656 sentim
353 581 479 655 datur.
539 579 714 686 Quidam
730 595 770 655 et
792 579 985 670 reliliunt,
1014 583 1128 682 quod
1142 584 1204 661 est

138 699 312 796 ¹28plane
337 695 566 771 ridiculum.
623 694 738 771 Pedis
763 693 991 797 supplosio,
1030 713 1077 773 ut
1103 700 1202 778 loco

194 810 250 886 est
264 808 502 910 opportuna,
528 825 575 886 ut
589 812 642 885 ait
660 812 813 899 Cicero,
842 816 880 884 in
901 808 1203 891 contentionibus

177 926 264 1001 'nnc
295 928 535 1022 incipiendis,
572 942 643 1000 out
662 920 878 1031 finiendis:
911 927 967 1000 ita
995 926 1133 1003 crebra
1158 944 1203 1005 et

193 1043 323 1141 inepti
346 1039 402 1118 est
424 1040 619 1129 hominis,
654 1055 695 1114 et
719 1039 862 1114 delinit
885 1040 1062 1134 judicem
1081 1044 1129 1117 in
1157 1042 1202 1121 se

194 1170 460 1253 convertere„
493 1153 559 1231 Est
581 1172 619 1229 et
639 1156 708 1229 illa
732 1154 922 1230 indecora
945 1157 990 1230 in
1010 1154 1199 1235 dextrum

118 1282 127 1297 ⁸
193 1297 238 1345 ac
253 1265 414 1346 laevum
424 1272 531 1346 ¹latus
546 1269 746 1347 vacillatio
770 1271 930 1346 alternis
943 1271 1114 1371 pedibus
1134 1274 1200 1348 in-

191 1385 423 1461 sistentium.
464 1381 703 1484 Longillinre
720 1381 911 1488 fugienda
925 1386 1062 1462 mollis
1080 1388 1200 1479 actio,

193 1503 353 1600 qualem
366 1503 411 1576 iri
419 1498 529 1577 Titio
538 1501 677 1576 Cicero
692 1498 789 1574 dicit
808 1497 935 1590 fuisse,
949 1500 1060 1576 unde
1076 1503 1201 1579 etiam

61 1702 64 1715 Ι
192 1614 407 1690 saltationis
428 1614 632 1713 quoddam
653 1639 780 1714 genus
804 1617 929 1689 Titius
949 1612 999 1689 sn
1019 1617 1196 1718 appella·

136 1742 186 1804 ¹29
194 1746 291 1806 tum.
376 1728 721 1832 Reprehendenda
752 1745 799 1813 et⁴
824 1730 896 1804 illa
931 1727 1121 1830 frequens
1154 1746 1198 1808 et

192 1846 386 1922 concitata
409 1845 454 1918 in
473 1860 854 1942 utramquepartem
868 1847 1045 1935 natatio,
1074 1871 1199 1946 quam

190 1962 236 2036 in
261 1960 440 2036 Curione
464 1974 574 2063 patre
598 1957 721 2034 irrilit
743 1975 784 2034 et
809 1958 962 2049 Julius,
992 1984 1199 2061 quaerens,

259 2183 327 2243 128.
353 2186 402 2247 out
420 2170 561 2246 finiendis.
585 2173 685 2228 Turio.
709 2186 739 2227 ut
755 2171 785 2248 f.
813 2175 889 2230 Mox
909 2188 940 2231 ut
954 2175 1012 2249 fin.
1027 2174 1069 2252 fic
1086 2168 1201 2235 acrabrd

192 2260 270 2319 Flor.
291 2256 318 2332 f.
337 2256 382 2333 fic
403 2271 430 2311 et
447 2259 541 2313 erebra
558 2260 658 2332 Carnp.
674 2279 707 2312 aa
721 2258 809 2314 levem
825 2261 924 2317 Turio.
941 2261 1020 2318 Flor.
1036 2282 1064 2316 a.
1088 2262 1200 2318 laevom

191 2345 293 2414 qlmbr.
306 2356 333 2395 2.
355 2341 412 2411 (of.
436 2342 527 2398 modo
547 2341 639 2416 126.)
667 2343 805 2415 dagilatio
822 2344 922 2400 Turic.
939 2345 1017 2401 Flor.
1035 2364 1101 2400 cum
1117 2344 1197 2400 alm.

109 2458 112 2463 ·
191 2430 239 2509 led
260 2428 311 2482 hic
333 2426 445 2500 duplici
467 2427 501 2482 L.
524 2430 632 2502 qualem
655 2430 736 2483 initio
760 2431 815 2483 Cic.
839 2429 940 2483 Turic-
959 2429 1038 2485 Flor.
1062 2432 1148 2485 tutius
1156 2427 1200 2504 fit

191 2514 293 2570 Amba.
309 2524 338 2567 2.
355 2509 450 2566 Guell.
464 2513 534 2573 Exc.
551 2515 665 2568 Santen.
697 2512 742 2567 Ab
759 2510 835 2567 aldo
849 2512 918 2567 inde
934 2530 999 2569 ante
1014 2516 1115 2569 Burm.
1130 2512 1196 2571 edd.

115 2660 118 2665 ¹
194 2600 335 2672 Tityo-
347 2597 448 2671 Tityus
462 2598 644 2675 praepostere
664 2601 712 2666 (ut
726 2612 755 2650 et
769 2596 797 2660 6,
818 2609 847 2664 5,
861 2597 934 2668 71.)‚
955 2596 1054 2654 nulluo
1068 2598 1132 2651 MS.

182 2722 183 2725 ¹
261 2712 328 2770 129.
350 2699 434 2770 Repr.
454 2711 481 2751 et
495 2699 554 2753 ilia.
577 2699 625 2752 Sic
647 2698 749 2752 Turio.
771 2696 850 2751 Flor.
873 2697 975 2755 Ambr.
989 2713 1020 2753 Ξ.
1037 2695 1133 2752 Guelf.
1153 2695 1196 2759 lit

191 2775 264 2854 esti.
288 2784 388 2857 Camp.
420 2779 542 2854 Reliqui
561 2776 650 2853 R-est
666 2794 693 2835 et
709 2784 729 2834 i.
758 2783 834 2837 Mox
855 2785 972 2837 mutatio
986 2778 1086 2853 &uella
1098 2779 1192 2836 Goth.
1224 2770 1227 2777 ¹

190 2875 257 2934 (tao.
273 2864 371 2937 Geln.)
390 2866 490 2938 Camp.
513 2867 631 2920 Curione
644 2879 773 2940 praetore
787 2865 883 2922 Guell.
900 2886 966 2922 cum
978 2864 1069 2938 marg.
1083 2862 1171 2918 Basrl.

319 2950 417 3006 Julius.
440 2949 488 3003 Sic
514 2946 617 3004 Ambr.
632 2962 661 3005 a.
682 2948 778 3006 Guelf.
804 2948 893 3007 Goth.
921 2955 986 3019 (tac.
1004 2948 1100 3018 Gelu.)
1123 2966 1197 3003 cum

190 3033 269 3097 Vols.
290 3053 315 3091 1.
333 3047 362 3088 2.
377 3047 405 3100 5.
434 3032 509 3092 Vall.
532 3031 693 3102 Balil.(led
714 3033 765 3087 hic
784 3048 812 3088 et
835 3037 864 3090 C.
879 3037 921 3104 J.)
950 3026 1072 3107 Reliqui
1083 3032 1196 3095 lunius,

190 3121 353 3195 quodcum
376 3118 483 3193 optimi
504 3116 573 3173 dent
586 3117 679 3173 Codd.
698 3136 733 3171 eo
750 3117 875 3172 devenio
891 3117 1069 3194 suspicionis,
1082 3131 1117 3171 ut
1133 3117 1193 3189 Qu,

190 3203 250 3279 ipse
271 3203 385 3277 aliquid
403 3203 578 3263 turbaverit,
600 3201 716 3256 librarii
738 3218 834 3256 autem
850 3222 865 3256 e
881 3203 1023 3259 Cicerone
1038 3200 1198 3257 correctio·

189 3310 257 3346 nem
274 3287 424 3363 petierint.
444 3301 472 3341 et
487 3280 552 3343 erite
566 3286 624 3341 hoc
638 3304 745 3340 nomen
759 3286 871 3342 omittit
880 3287 978 3362 Camp.
996 3280 1109 3364 inlustre
1123 3284 1218 3353 reio-2

190 3388 317 3448 queratur
338 3372 438 3427 Turic.
463 3371 526 3442 (hic
542 3369 659 3445 quidem
677 3370 794 3426 divisim
810 3373 839 3424 in
855 3371 890 3439 I.)
904 3370 983 3426 Flor.
1002 3373 1032 3424 in
1045 3371 1108 3423 lunt
1121 3369 1197 3424 relo-

189 3470 316 3534 queretur
331 3457 431 3512 Amba.
451 3473 479 3511 2.
503 3459 520 3511 i.
541 3456 641 3510 lintere
661 3454 679 3511 l.
698 3453 794 3509 Guelf.
809 3476 824 3508 e
839 3456 858 3509 l.
875 3455 895 3511 l.
913 3455 1003 3510 Goth.
1023 3453 1197 3521 (aberrante
1256 3463 1260 3469 '

188 3557 259 3596 nota
275 3543 356 3597 Geln.
381 3542 417 3595 ad
440 3537 614 3615 declamaffet
632 3543 658 3611 ᾗ.
677 3539 761 3606 126.)
778 3540 878 3613 camp.
893 3559 961 3593 cum
974 3537 1056 3597 Voff.
1067 3549 1095 3591 2.
1114 3532 1193 3593 Vall.

154 3668 156 3673 .
187 3626 258 3680 Bad.
280 3641 309 3681 et
330 3624 445 3699 aliquot
464 3625 530 3683 edd.
554 3623 630 3701 apud
649 3625 767 3693 Eunu:
796 3622 877 3698 quod
898 3623 1070 3680 eCicarone
1090 3618 1212 3675 illum?

230 3823 354 3901 (iniciata
369 3835 397 3879 et
409 3819 542 3900 resiliunt.
560 3821 596 3879 cf.
606 3837 683 3881 not.-
708 3820 800 3899 piofio
821 3823 901 3895 pedis
921 3822 954 3889 in
969 3819 1066 3876 Crasso
1082 3815 1144 3874 cie.
1160 3815 1198 3872 in

187 3900 252 3960 erit.
322 3930 334 3951 ·
709 3910 791 3964 Brut.
808 3926 832 3962 c.
845 3917 896 3976 45.
918 3909 965 3962 De
979 3903 1130 3960 saltatione
1143 3900 1198 3956 cui

235 4000 302 4057 ²28-
338 4006 369 4046 ut
405 3995 447 4048 ait
487 3993 591 4047 Cicero.
633 3991 670 4046 de
711 4010 819 4046 nomen
837 3991 928 4045 Titius
943 3991 1029 4046 ofin.
1044 3986 1119 4042 ibid.

189 4069 271 4130 Orat.
293 4086 323 4140 5.
342 4088 391 4152 59.
417 4097 474 4136 non
496 4075 588 4133 crabro
601 4072 669 4152 sup·
757 4088 826 4153 ²²9·
858 4079 889 4133 in
915 4078 1033 4135 Curione
1061 4083 1200 4151 patra·-
