2586 4666
33 266 107 379 ἰ,
185 334 259 408 702
355 362 360 373 ·
421 314 981 411 Mrauoommam·

183 506 303 583 etiam
328 498 524 578 Cornelios
541 496 688 613 Celsus,
707 502 902 581 mediocri
924 505 989 581 vir
1007 509 1183 607 ingenio,

182 628 269 700 rlon
291 617 419 695 solum
434 616 493 691 .de
514 618 577 693 his
600 618 786 694 omnibus
807 617 1078 721 conscripserit
1093 628 1184 700 atti.

150 758 155 769 “
183 738 271 825 bos,
300 730 367 807 sed
391 732 562 832 amplius
583 733 644 806 rei
664 735 857 823 militaris,
885 749 923 809 et
941 736 1107 811 rusticae
1123 756 1183 815 et·

134 872 141 881 ·
184 852 284 936 iem,
314 864 353 921 et
372 846 592 921 medicinae
610 862 816 949 praecepta
838 851 1073 950 reliquerit?
1121 852 1186 928 di.

184 989 288 1071 gnus
310 963 377 1036 vel
397 959 483 1060 ipso
506 961 723 1063 propofito,
749 979 795 1038 ut
815 987 906 1039 eum
927 963 1031 1040 soille
1047 971 1183 1043 omnia

128 1103 164 1161 2⁵
184 1082 253 1157 illa
277 1075 492 1152 credamus.
523 1080 573 1150 At
595 1076 786 1176 perficere
807 1092 962 1155 tantum
984 1108 1097 1182 opus,
1121 1109 1182 1158 ar-

24 1276 27 1287 ,
137 1188 140 1195 ’
183 1192 331 1283 duum3
388 1205 430 1265 et
448 1215 566 1266 nemo
588 1191 760 1291 perfecit.
820 1196 920 1268 Ante
942 1199 1078 1271 omnia
1098 1195 1182 1273 luf-

71 1404 78 1411 .
181 1309 281 1387 ficit·
300 1307 350 1383 ad
379 1307 693 1383 exhortationem
725 1306 968 1400 studiorum,
1005 1337 1091 1387 non
1119 1338 1181 1387 ca·

148 1624 151 1629 ·
182 1594 257 1665 (non
279 1607 416 1647 monente
437 1588 562 1645 Gesnero
585 1590 620 1646 de
644 1589 747 1646 omiss'o
770 1592 836 1659 Μ.).
861 1594 897 1648 In
918 1594 1016 1668 Cemp.
1029 1595 1181 1653 mirascri·

65 1714 71 1735 .
123 1662 131 1711 .‘
150 1700 158 1709 ·
179 1672 265 1754 pt'ure
289 1673 475 1752 heeczqrrad
495 1694 550 1748 quo
573 1671 751 1747 instrumento
775 1678 805 1729 in
829 1676 923 1734 Tullio
945 1678 1043 1753 defuit.
1103 1682 1180 1736 Mox

180 1765 242 1840 quis
263 1764 350 1819 multe
369 1758 466 1815 Gueli.
509 1760 583 1831 quod
604 1780 639 1814 m.
663 1761 763 1834 Camp.
891 1784 974 1839 quam
989 1768 1071 1819 etiam
1079 1762 1176 1821 Gueli.

185 1912 189 1917 Ι
266 1848 300 1901 de
321 1847 357 1900 iis
378 1844 452 1904 Jenl.
474 1858 503 1899 et
522 1845 593 1917 post.
617 1860 681 1899 ente
703 1844 786 1902 Brlil.
830 1845 1062 1923 circumscripserit
1075 1851 1176 1925 camp.

263 1934 324 2005 regi
345 1930 444 1986 Turio.
554 1931 672 1985 militari
685 1924 739 2002 sed
760 1931 860 1987 Turio.
883 1931 961 1987 Flor.
1001 1932 1055 2008 [eei
1076 1934 1114 1990 est
1135 1950 1176 1990 et·

87 2016 90 2027 ’
178 2020 237 2074 iem
260 2018 292 2071 in
316 2015 412 2070 Gueli.
552 2011 648 2089 rustice
670 2025 697 2066 et
717 2028 867 2088 praecepta
890 2016 990 2074 Turio.
1012 2017 1089 2074 flor.
1132 2041 1178 2073 ra·

170 2098 242 2177 stite
262 2104 346 2156 ctiam
368 2121 396 2175 p.
420 2096 515 2156 Guelf.
540 2118 564 2154 c.
587 2098 662 2154 clm.
694 2094 789 2171 rustice
808 2122 837 2172 p.
861 2101 962 2176 Cemp·
983 2102 1103 2159 Dixerit
1122 2125 1178 2159 me·

177 2178 285 2242 liicinae
305 2185 484 2240 mentionem
507 2206 522 2239 e
545 2181 701 2238 recentiori
721 2182 841 2241 homine
863 2184 1010 2242 innatam.
1043 2188 1099 2243 Sed
1113 2187 1178 2265 ple·

177 2272 215 2329 :le
237 2272 335 2327 omnia
356 2269 493 2343 leguntur
511 2270 543 2324 in
567 2268 655 2324 Goth.
678 2282 762 2323 certe.

262 2433 312 2490 25.
334 2422 372 2478 ad
392 2418 464 2496 perf.
486 2419 581 2478 Guelf.
755 2422 880 2481 arduum·
902 2425 951 2481 Sic
971 2425 1070 2482 Turic-
1093 2425 1175 2485 Flor.

176 2508 272 2568 Guelf.
296 2508 385 2563 Goth.
408 2509 506 2581 Cemp.
551 2502 590 2572 eft
611 2505 721 2561 addunt
741 2506 860 2583 reliqui.
1061 2510 1176 2584 perficit

176 2595 277 2651 Turio.
298 2590 395 2647 Guelf.
418 2592 505 2646 Goth.
526 2596 592 2656 (tec.
618 2593 715 2657 Gelu.)
886 2595 924 2649 cd
946 2598 1175 2651 exercitationem

175 2680 276 2735 Turio.
319 2677 357 2730 ad
379 2679 603 2734 exercitationem
626 2675 722 2732 Guelf.
767 2678 1002 2736 adhortationem
1017 2682 1116 2753 Cemp.
1132 2696 1174 2745 et,

174 2764 310 2835 junctim,
333 2760 422 2816 Goth.
587 2757 751 2835 studiorum.
773 2782 829 2817 non
849 2765 945 2818 cadere
966 2768 994 2818 in
1009 2785 1105 2818 rerum.
1123 2765 1174 2819 ste

173 2847 244 2902 Bad.
268 2843 369 2907 tacite3
398 2846 566 2904 inventurn,
589 2861 621 2899 ut
642 2844 776 2908 videtur,
798 2848 829 2900 in
851 2845 925 2903 Vall.
948 2864 977 2904 et
997 2849 1036 2902 lic
1056 2848 1173 2923 Gryph.

174 2931 251 2986 Gibs.
276 2944 304 2983 et
325 2927 377 2983 elii
398 2947 441 3001 ep.
465 2930 564 2981 Burm.
603 2924 641 3000 st.
664 2949 761 2998 capere
782 2931 812 2983 id
827 2952 849 2984 r.
865 2930 964 2987 Turio.
978 2933 1057 2988 Flor.
1072 2932 1171 2988 Guelf.

53 3078 57 3087 ¹
155 3016 244 3072 'Exo
268 3018 345 3070 Sint.
373 3031 398 3068 c.
425 3012 501 3068 clm.
531 3010 609 3084 (niti
626 3012 714 3085 ¹quod
737 3014 853 3077 exlioc
875 3016 987 3091 reperiri
1008 3019 1057 3083 id)
1083 3015 1171 3074 Beni.

166 3096 215 3176 jis
232 3122 288 3157 nan
310 3120 407 3175 cupere
428 3122 450 3155 r.
469 3096 557 3155 Goth.
580 3103 648 3167 (tac.
671 3097 773 3170 Gelu.)
800 3100 877 3156 Vols.
901 3116 928 3157 2.
955 3100 1006 3177 (ut
1026 3101 1171 3177 suspicor:

171 3206 202 3243 r.
226 3186 346 3252 Burro.)
372 3184 471 3259 Cemp.
507 3178 545 3256 st.
570 3203 626 3237 non
647 3202 744 3256 capere
764 3206 785 3240 r.
809 3186 882 3243 Jenf.
912 3188 986 3255 (tac.
1009 3187 1111 3253 Gein.)
1140 3200 1172 3241 ot

166 3270 242 3347 post.
266 3286 329 3326 ente
351 3271 419 3325 Bed.
455 3262 493 3341 st.
519 3289 575 3324 aon
596 3288 692 3342 capere
713 3267 743 3321 id
762 3291 784 3324 r.
806 3268 923 3343 reliqui.
953 3272 996 3329 Cf.
1020 3290 1092 3325 mox
1115 3269 1167 3323 26.

171 3356 203 3410 iri
225 3342 279 3429 pto
301 3357 330 3409 in
352 3353 384 3407 in
407 3354 506 3409 Turio.
550 3354 616 3408 Non
638 3373 735 3427 capere
754 3371 815 3408 nou
836 3354 955 3409 videtur
971 3354 1072 3410 referri
1087 3354 1171 3430 pollo

169 3430 226 3494 'nifi
248 3440 282 3494 ed
304 3459 349 3493 ree
370 3439 497 3492 nimium
518 3456 644 3511 magnei,
667 3436 745 3512 quod
762 3435 832 3491 hinc
854 3437 997 3503 alienum
1042 3439 1170 3494 nostram

169 3523 294 3579 formem
316 3523 403 3578 habes
427 3523 512 3580 etiam
538 3538 564 3583 2,
590 3538 637 3588 17,
660 3532 709 3589 34.
732 3522 783 3576 hoc
803 3527 959 3596 qaoque¹irr
981 3538 1108 3578 naturam
1123 3544 1169 3577 re·

167 3628 229 3665 ram
251 3609 344 3671 cadit,
375 3621 408 3663 ut
430 3608 498 3662 duos
511 3606 655 3685 sapientes
675 3606 824 3680 aliquando
845 3602 937 3681 justae
957 3605 1053 3683 causae
1075 3610 1105 3663 ire
1124 3608 1168 3663 di-

166 3863 274 3925 „Aeed.
284 3879 312 3927 α,
327 3876 355 3916 2.
370 3862 460 3931 (M.)
476 3878 504 3917 et
518 3861 641 3916 Hieron·
728 3870 777 3926 25·
799 3859 933 3915 At--
939 3857 1065 3937 perfecit.
1104 3858 1167 3918 Ob·

165 3947 389 4019 „Epinselect
412 3955 530 4008 2.12.“
552 3943 647 4000 Alme·
688 3945 787 4016 jectio.
831 3946 906 4001 Ante
922 3947 1014 4001 omnia
1030 3960 1083 4000 etc.
1113 3949 1171 4003 Re·

165 4028 320 4112 invenus>
689 4029 811 4104 lponlio.
1029 4082 1032 4089 ,

209 4128 258 4182 24.
283 4112 383 4191 Celsus.
408 4114 453 4172 cf.
471 4134 521 4179 ro,
537 4122 643 4180 mci.
731 4132 787 4167 ron
801 4114 895 4167 radere
910 4114 948 4165 in.
967 4111 1004 4167 cf.
1021 4128 1084 4167 not·
1100 4114 1172 4181 orit,
