<?xml version="1.0" encoding="UTF-8"?>
<!DOCTYPE html PUBLIC "-//W3C//DTD XHTML 1.0 Transitional//EN"
    "http://www.w3.org/TR/xhtml1/DTD/xhtml1-transitional.dtd">
<html xmlns="http://www.w3.org/1999/xhtml" xml:lang="en" lang="en">
 <head>
  <title>
</title>
<meta http-equiv="Content-Type" content="text/html;charset=utf-8" />
  <meta name='ocr-system' content='tesseract 3.04.00' />
  <meta name='ocr-capabilities' content='ocr_page ocr_carea ocr_par ocr_line ocrx_word'/>
</head>
<body>
  <div class='ocr_page' id='page_1' title='image "./mfabiiquintilia02bonngoog_0435.png"; bbox 0 0 2586 4666; ppageno 0'>
   <div class='ocr_carea' id='block_1_1' title="bbox 844 170 945 225">
    <p class='ocr_par' dir='ltr' id='par_1_1' title="bbox 844 170 945 225">
     <span class='ocr_line' id='line_1_1' title="bbox 844 170 945 225; baseline 0 0"><span class='ocrx_word' id='word_1_1' title='bbox 844 170 851 180; x_wconf 92' lang='lat'><em>&#39;</em></span> <span class='ocrx_word' id='word_1_2' title='bbox 935 190 945 225; x_wconf 73' lang='lat' dir='ltr'>r</span> 
     </span>
    </p>
   </div>
   <div class='ocr_carea' id='block_1_2' title="bbox 203 275 987 395">
    <p class='ocr_par' dir='ltr' id='par_1_2' title="bbox 203 275 987 395">
     <span class='ocr_line' id='line_1_2' title="bbox 203 275 987 395; baseline 0.01 -25"><span class='ocrx_word' id='word_1_3' title='bbox 203 286 298 392; x_wconf 71' lang='lat'>&#39;41&#39;2</span> <span class='ocrx_word' id='word_1_4' title='bbox 464 275 523 371; x_wconf 80' lang='lat' dir='ltr'>tn</span> <span class='ocrx_word' id='word_1_5' title='bbox 545 299 648 371; x_wconf 79' lang='lat' dir='ltr'>mn</span> <span class='ocrx_word' id='word_1_6' title='bbox 674 301 987 395; x_wconf 73' lang='lat' dir='ltr'>oumrmanr</span> 
     </span>
    </p>
   </div>
   <div class='ocr_carea' id='block_1_3' title="bbox 83 470 1287 1168">
    <p class='ocr_par' dir='ltr' id='par_1_3' title="bbox 185 470 1232 704">
     <span class='ocr_line' id='line_1_3' title="bbox 185 470 1232 592; baseline 0.011 -31"><span class='ocrx_word' id='word_1_7' title='bbox 185 566 190 577; x_wconf 30' lang='lat'><strong>¹</strong></span> <span class='ocrx_word' id='word_1_8' title='bbox 223 490 347 592; x_wconf 71' lang='lat' dir='ltr'>gnos,</span> <span class='ocrx_word' id='word_1_9' title='bbox 375 510 468 562; x_wconf 88' lang='lat' dir='ltr'>cum</span> <span class='ocrx_word' id='word_1_10' title='bbox 489 484 636 573; x_wconf 82' lang='lat' dir='ltr'>summi</span> <span class='ocrx_word' id='word_1_11' title='bbox 660 470 862 580; x_wconf 85' lang='lat' dir='ltr'>coierunt,</span> <span class='ocrx_word' id='word_1_12' title='bbox 893 489 945 565; x_wconf 87' lang='lat' dir='ltr'>ad</span> <span class='ocrx_word' id='word_1_13' title='bbox 965 499 1039 578; x_wconf 85' lang='lat' dir='ltr'>nos</span> <span class='ocrx_word' id='word_1_14' title='bbox 1065 492 1232 591; x_wconf 75' lang='lat' dir='ltr'>referre,</span> 
     </span>
     <span class='ocr_line' id='line_1_4' title="bbox 225 601 1230 704; baseline 0.012 -27"><span class='ocrx_word' id='word_1_15' title='bbox 225 630 297 680; x_wconf 90' lang='lat' dir='ltr'>cur</span> <span class='ocrx_word' id='word_1_16' title='bbox 310 601 548 701; x_wconf 88' lang='lat' dir='ltr'>quibusdam</span> <span class='ocrx_word' id='word_1_17' title='bbox 564 601 822 704; x_wconf 76' lang='lat' dir='ltr'>displicuerit,</span> <span class='ocrx_word' id='word_1_18' title='bbox 844 604 991 682; x_wconf 83' lang='lat' dir='ltr'>nescio.</span> <span class='ocrx_word' id='word_1_19' title='bbox 1053 611 1162 686; x_wconf 85' lang='lat' dir='ltr'>Nam</span> <span class='ocrx_word' id='word_1_20' title='bbox 1181 612 1230 690; x_wconf 86' lang='lat' dir='ltr'>id</span> 
     </span>
    </p>

    <p class='ocr_par' dir='ltr' id='par_1_4' title="bbox 83 704 1287 1168">
     <span class='ocr_line' id='line_1_5' title="bbox 223 704 1287 806; baseline 0.008 -11"><span class='ocrx_word' id='word_1_21' title='bbox 223 736 263 795; x_wconf 86' lang='lat' dir='ltr'>et</span> <span class='ocrx_word' id='word_1_22' title='bbox 285 704 427 792; x_wconf 75' lang='lat' dir='ltr'>leviter</span> <span class='ocrx_word' id='word_1_23' title='bbox 464 716 720 806; x_wconf 82' lang='lat' dir='ltr'>admirantes,</span> <span class='ocrx_word' id='word_1_24' title='bbox 764 734 803 793; x_wconf 92' lang='lat' dir='ltr'>et</span> <span class='ocrx_word' id='word_1_25' title='bbox 823 722 983 795; x_wconf 82' lang='lat' dir='ltr'>interim</span> <span class='ocrx_word' id='word_1_26' title='bbox 1011 721 1140 800; x_wconf 85' lang='lat' dir='ltr'>subita</span> <span class='ocrx_word' id='word_1_27' title='bbox 1162 729 1228 803; x_wconf 90' lang='lat' dir='ltr'>in·</span> <span class='ocrx_word' id='word_1_28' title='bbox 1279 736 1287 791; x_wconf 75' lang='grc' dir='ltr'>Γ</span> 
     </span>
     <span class='ocr_line' id='line_1_6' title="bbox 222 831 1226 937; baseline 0.006 -27"><span class='ocrx_word' id='word_1_29' title='bbox 222 834 464 933; x_wconf 85' lang='lat' dir='ltr'>dignatione,</span> <span class='ocrx_word' id='word_1_30' title='bbox 487 831 874 931; x_wconf 80' lang='lat' dir='ltr'>velutpavescentes,</span> <span class='ocrx_word' id='word_1_31' title='bbox 902 842 940 909; x_wconf 86' lang='lat' dir='ltr'>et</span> <span class='ocrx_word' id='word_1_32' title='bbox 957 834 1226 937; x_wconf 87' lang='lat' dir='ltr'>deprecantes,</span> 
     </span>
     <span class='ocr_line' id='line_1_7' title="bbox 83 945 1225 1056; baseline 0.012 -39"><span class='ocrx_word' id='word_1_33' title='bbox 83 1010 86 1017; x_wconf 92' lang='lat'>.</span> <span class='ocrx_word' id='word_1_34' title='bbox 163 950 401 1056; x_wconf 67' lang='lat' dir='ltr'>aoafacim&#39;us.</span> <span class='ocrx_word' id='word_1_35' title='bbox 461 948 568 1051; x_wconf 81' lang='lat' dir='ltr'>Quin</span> <span class='ocrx_word' id='word_1_36' title='bbox 594 945 847 1047; x_wconf 86' lang='lat' dir='ltr'>comprellam</span> <span class='ocrx_word' id='word_1_37' title='bbox 861 952 979 1025; x_wconf 83' lang='lat' dir='ltr'>etiarn</span> <span class='ocrx_word' id='word_1_38' title='bbox 995 978 1163 1031; x_wconf 89' lang='lat' dir='ltr'>manum</span> <span class='ocrx_word' id='word_1_39' title='bbox 1177 958 1225 1037; x_wconf 82' lang='lat' dir='ltr'>in</span> 
     </span>
     <span class='ocr_line' id='line_1_8' title="bbox 219 1058 1225 1168; baseline 0.011 -30"><span class='ocrx_word' id='word_1_40' title='bbox 219 1058 465 1168; x_wconf 84' lang='lat' dir='ltr'>poenitentia</span> <span class='ocrx_word' id='word_1_41' title='bbox 485 1062 553 1136; x_wconf 88' lang='lat' dir='ltr'>vel</span> <span class='ocrx_word' id='word_1_42' title='bbox 579 1061 638 1135; x_wconf 90' lang='lat' dir='ltr'>ira</span> <span class='ocrx_word' id='word_1_43' title='bbox 666 1066 818 1163; x_wconf 86' lang='lat' dir='ltr'>pectori</span> <span class='ocrx_word' id='word_1_44' title='bbox 841 1063 1120 1161; x_wconf 82' lang='lat' dir='ltr'>admovemus,</span> <span class='ocrx_word' id='word_1_45' title='bbox 1148 1072 1225 1151; x_wconf 82' lang='lat' dir='ltr'>ubi</span> 
     </span>
    </p>
   </div>
   <div class='ocr_carea' id='block_1_4' title="bbox 48 1266 1279 2282">
    <p class='ocr_par' dir='ltr' id='par_1_5' title="bbox 48 1266 1279 1527">
     <span class='ocr_line' id='line_1_9' title="bbox 48 1266 1279 1356; baseline 0.011 -29"><span class='ocrx_word' id='word_1_46' title='bbox 48 1309 56 1327; x_wconf 45' lang='lat' dir='ltr'>x</span> <span class='ocrx_word' id='word_1_47' title='bbox 114 1348 117 1353; x_wconf 26' lang='grc' dir='ltr'>Ι</span> <span class='ocrx_word' id='word_1_48' title='bbox 221 1285 322 1356; x_wconf 74' lang='lat' dir='ltr'>camp.</span> <span class='ocrx_word' id='word_1_49' title='bbox 339 1278 432 1350; x_wconf 83' lang='lat' dir='ltr'>digiti.</span> <span class='ocrx_word' id='word_1_50' title='bbox 453 1274 532 1331; x_wconf 85' lang='lat' dir='ltr'>idem</span> <span class='ocrx_word' id='word_1_51' title='bbox 547 1274 609 1350; x_wconf 78' lang='lat' dir='ltr'>poli</span> <span class='ocrx_word' id='word_1_52' title='bbox 622 1281 702 1335; x_wconf 83' lang='lat' dir='ltr'>coier.</span> <span class='ocrx_word' id='word_1_53' title='bbox 716 1266 817 1334; x_wconf 75' lang='lat' dir='ltr'>inferii</span> <span class='ocrx_word' id='word_1_54' title='bbox 830 1292 867 1338; x_wconf 79' lang='lat' dir='ltr'>ot.</span> <span class='ocrx_word' id='word_1_55' title='bbox 1032 1282 1071 1337; x_wconf 83' lang='lat' dir='ltr'>ad</span> <span class='ocrx_word' id='word_1_56' title='bbox 1084 1303 1145 1353; x_wconf 78' lang='lat' dir='ltr'>nos.</span> <span class='ocrx_word' id='word_1_57' title='bbox 1159 1286 1224 1349; x_wconf 73' lang='lat' dir='ltr'>&#39;ru-</span> <span class='ocrx_word' id='word_1_58' title='bbox 1274 1340 1279 1345; x_wconf 89' lang='grc'>,</span> 
     </span>
     <span class='ocr_line' id='line_1_10' title="bbox 218 1360 1220 1441; baseline 0.007 -23"><span class='ocrx_word' id='word_1_59' title='bbox 218 1369 272 1441; x_wconf 74' lang='lat' dir='ltr'>rip.</span> <span class='ocrx_word' id='word_1_60' title='bbox 293 1364 371 1418; x_wconf 86' lang='lat' dir='ltr'>Flor.</span> <span class='ocrx_word' id='word_1_61' title='bbox 394 1360 432 1415; x_wconf 84' lang='lat' dir='ltr'>ad</span> <span class='ocrx_word' id='word_1_62' title='bbox 451 1381 496 1416; x_wconf 82' lang='lat' dir='ltr'>eos</span> <span class='ocrx_word' id='word_1_63' title='bbox 517 1380 584 1415; x_wconf 90' lang='lat' dir='ltr'>cum</span> <span class='ocrx_word' id='word_1_64' title='bbox 606 1363 681 1417; x_wconf 85' lang='lat' dir='ltr'>Alm.</span> <span class='ocrx_word' id='word_1_65' title='bbox 705 1361 822 1438; x_wconf 84' lang='lat' dir='ltr'>Reliqui</span> <span class='ocrx_word' id='word_1_66' title='bbox 843 1365 882 1418; x_wconf 91' lang='lat' dir='ltr'>ad</span> <span class='ocrx_word' id='word_1_67' title='bbox 897 1385 936 1421; x_wconf 84' lang='lat' dir='ltr'>os.</span> <span class='ocrx_word' id='word_1_68' title='bbox 963 1366 1103 1421; x_wconf 87' lang='lat' dir='ltr'>Nostrum</span> <span class='ocrx_word' id='word_1_69' title='bbox 1119 1388 1220 1425; x_wconf 82' lang='lat' dir='ltr'>econ·</span> 
     </span>
     <span class='ocr_line' id='line_1_11' title="bbox 217 1444 1220 1527; baseline 0.002 -20"><span class='ocrx_word' id='word_1_70' title='bbox 217 1455 328 1527; x_wconf 78' lang='lat' dir='ltr'>jactura</span> <span class='ocrx_word' id='word_1_71' title='bbox 351 1445 400 1517; x_wconf 84' lang='lat' dir='ltr'>(cl.</span> <span class='ocrx_word' id='word_1_72' title='bbox 419 1444 466 1517; x_wconf 84' lang='lat'>96.</span> <span class='ocrx_word' id='word_1_73' title='bbox 484 1460 532 1519; x_wconf 83' lang='lat'>97.</span> <span class='ocrx_word' id='word_1_74' title='bbox 554 1460 582 1498; x_wconf 91' lang='lat' dir='ltr'>et</span> <span class='ocrx_word' id='word_1_75' title='bbox 594 1464 666 1502; x_wconf 83' lang='lat' dir='ltr'>mox</span> <span class='ocrx_word' id='word_1_76' title='bbox 685 1449 775 1514; x_wconf 83' lang='grc' dir='ltr'><strong>ιο5.).</strong></span> <span class='ocrx_word' id='word_1_77' title='bbox 793 1447 889 1504; x_wconf 83' lang='lat' dir='ltr'>Guelf.</span> <span class='ocrx_word' id='word_1_78' title='bbox 904 1451 1002 1522; x_wconf 79' lang='lat' dir='ltr'>quibus</span> <span class='ocrx_word' id='word_1_79' title='bbox 1017 1451 1220 1525; x_wconf 77' lang='lat' dir='ltr'>displicuerint.</span> 
     </span>
    </p>

    <p class='ocr_par' dir='ltr' id='par_1_6' title="bbox 102 1529 1220 2113">
     <span class='ocr_line' id='line_1_12' title="bbox 102 1529 1220 1613; baseline 0.007 -29"><span class='ocrx_word' id='word_1_80' title='bbox 102 1596 107 1609; x_wconf 40' lang='grc' dir='ltr'>Ι</span> <span class='ocrx_word' id='word_1_81' title='bbox 218 1540 319 1609; x_wconf 67' lang='lat' dir='ltr'>camp.</span> <span class='ocrx_word' id='word_1_82' title='bbox 342 1529 503 1606; x_wconf 80' lang='lat' dir='ltr'>quibusdam</span> <span class='ocrx_word' id='word_1_83' title='bbox 523 1529 729 1601; x_wconf 80' lang='lat' dir='ltr'>displicuerunt.</span> <span class='ocrx_word' id='word_1_84' title='bbox 749 1530 823 1588; x_wconf 83' lang='lat' dir='ltr'>Jenl.</span> <span class='ocrx_word' id='word_1_85' title='bbox 838 1533 925 1588; x_wconf 81' lang='lat' dir='ltr'>Tarv.</span> <span class='ocrx_word' id='word_1_86' title='bbox 941 1535 1105 1610; x_wconf 58' lang='lat' dir='ltr'>quibudam</span> <span class='ocrx_word' id='word_1_87' title='bbox 1120 1536 1220 1613; x_wconf 77' lang='lat' dir='ltr'>displi-</span> 
     </span>
     <span class='ocr_line' id='line_1_13' title="bbox 217 1607 1219 1689; baseline 0.004 -16"><span class='ocrx_word' id='word_1_88' title='bbox 217 1624 310 1679; x_wconf 76' lang='lat' dir='ltr'>cinnt3</span> <span class='ocrx_word' id='word_1_89' title='bbox 332 1613 460 1670; x_wconf 82' lang='lat' dir='ltr'>correxit</span> <span class='ocrx_word' id='word_1_90' title='bbox 473 1612 594 1686; x_wconf 79' lang='lat' dir='ltr'>Regius.</span> <span class='ocrx_word' id='word_1_91' title='bbox 610 1616 639 1667; x_wconf 86' lang='lat' dir='ltr'>id</span> <span class='ocrx_word' id='word_1_92' title='bbox 652 1613 713 1689; x_wconf 82' lang='lat' dir='ltr'>post</span> <span class='ocrx_word' id='word_1_93' title='bbox 730 1607 807 1669; x_wconf 83' lang='lat' dir='ltr'>Nam</span> <span class='ocrx_word' id='word_1_94' title='bbox 820 1617 932 1672; x_wconf 86' lang='lat' dir='ltr'>omittit</span> <span class='ocrx_word' id='word_1_95' title='bbox 947 1616 1036 1672; x_wconf 58' lang='lat' dir='ltr'>Goth)</span> <span class='ocrx_word' id='word_1_96' title='bbox 1051 1638 1119 1674; x_wconf 88' lang='lat' dir='ltr'>cum</span> <span class='ocrx_word' id='word_1_97' title='bbox 1137 1621 1219 1683; x_wconf 79' lang='lat' dir='ltr'>Voll&#39;.</span> 
     </span>
     <span class='ocr_line' id='line_1_14' title="bbox 212 1690 1219 1781; baseline 0.005 -26"><span class='ocrx_word' id='word_1_98' title='bbox 212 1690 381 1777; x_wconf 49' lang='lat' dir='ltr'>&#39;uarrsponit</span> <span class='ocrx_word' id='word_1_99' title='bbox 402 1698 501 1771; x_wconf 74' lang='lat' dir='ltr'>Camp.</span> <span class='ocrx_word' id='word_1_100' title='bbox 525 1714 592 1749; x_wconf 88' lang='lat' dir='ltr'>cum</span> <span class='ocrx_word' id='word_1_101' title='bbox 613 1697 697 1754; x_wconf 86' lang='lat' dir='ltr'>Baiil.</span> <span class='ocrx_word' id='word_1_102' title='bbox 720 1699 831 1773; x_wconf 83' lang='lat' dir='ltr'>Gryph.</span> <span class='ocrx_word' id='word_1_103' title='bbox 850 1693 970 1781; x_wconf 79' lang='lat'>(1536.)</span> <span class='ocrx_word' id='word_1_104' title='bbox 993 1702 1103 1761; x_wconf 82' lang='lat' dir='ltr'>Vidov.</span> <span class='ocrx_word' id='word_1_105' title='bbox 1117 1705 1219 1761; x_wconf 81' lang='lat' dir='ltr'>leniter</span> 
     </span>
     <span class='ocr_line' id='line_1_15' title="bbox 215 1781 1217 1846; baseline 0.001 -4"><span class='ocrx_word' id='word_1_106' title='bbox 215 1787 318 1844; x_wconf 84' lang='lat' dir='ltr'>Turio.</span> <span class='ocrx_word' id='word_1_107' title='bbox 340 1782 418 1838; x_wconf 83' lang='lat' dir='ltr'>Flor.</span> <span class='ocrx_word' id='word_1_108' title='bbox 442 1781 543 1837; x_wconf 78' lang='lat' dir='ltr'>Arnbr.</span> <span class='ocrx_word' id='word_1_109' title='bbox 560 1796 587 1835; x_wconf 84' lang='lat'>2.</span> <span class='ocrx_word' id='word_1_110' title='bbox 618 1802 685 1837; x_wconf 89' lang='lat' dir='ltr'>cum</span> <span class='ocrx_word' id='word_1_111' title='bbox 708 1784 798 1839; x_wconf 86' lang='lat' dir='ltr'>Goth.</span> <span class='ocrx_word' id='word_1_112' title='bbox 818 1785 895 1843; x_wconf 80' lang='lat' dir='ltr'>Vols.</span> <span class='ocrx_word' id='word_1_113' title='bbox 911 1799 939 1840; x_wconf 81' lang='lat'>2.</span> <span class='ocrx_word' id='word_1_114' title='bbox 966 1789 1039 1846; x_wconf 88' lang='lat' dir='ltr'>Jeni.</span> <span class='ocrx_word' id='word_1_115' title='bbox 1061 1806 1129 1842; x_wconf 88' lang='lat' dir='ltr'>curn</span> <span class='ocrx_word' id='word_1_116' title='bbox 1150 1788 1217 1845; x_wconf 84' lang='lat' dir='ltr'>edd.</span> 
     </span>
     <span class='ocr_line' id='line_1_16' title="bbox 214 1865 1218 1949; baseline 0.004 -24"><span class='ocrx_word' id='word_1_117' title='bbox 214 1870 334 1949; x_wconf 78' lang='lat' dir='ltr'>posterr.</span> <span class='ocrx_word' id='word_1_118' title='bbox 356 1881 421 1922; x_wconf 86' lang='lat' dir='ltr'>ante</span> <span class='ocrx_word' id='word_1_119' title='bbox 437 1865 502 1920; x_wconf 80' lang='lat' dir='ltr'>Ald.</span> <span class='ocrx_word' id='word_1_120' title='bbox 519 1881 574 1919; x_wconf 88' lang='lat' dir='ltr'>acc.</span> <span class='ocrx_word' id='word_1_121' title='bbox 588 1867 659 1921; x_wconf 85' lang='lat' dir='ltr'>Bad.</span> <span class='ocrx_word' id='word_1_122' title='bbox 675 1887 762 1941; x_wconf 85' lang='lat' dir='ltr'>quem</span> <span class='ocrx_word' id='word_1_123' title='bbox 776 1869 808 1923; x_wconf 87' lang='lat' dir='ltr'>in</span> <span class='ocrx_word' id='word_1_124' title='bbox 823 1868 972 1927; x_wconf 84' lang='lat' dir='ltr'>notaVall.</span> <span class='ocrx_word' id='word_1_125' title='bbox 990 1870 1089 1926; x_wconf 83' lang='lat' dir='ltr'>ieviter</span> <span class='ocrx_word' id='word_1_126' title='bbox 1101 1872 1218 1929; x_wconf 82' lang='lat' dir='ltr'>dantem</span> 
     </span>
     <span class='ocr_line' id='line_1_17' title="bbox 213 1949 1215 2032; baseline 0.004 -25"><span class='ocrx_word' id='word_1_127' title='bbox 213 1975 268 2032; x_wconf 79' lang='lat' dir='ltr'>per</span> <span class='ocrx_word' id='word_1_128' title='bbox 289 1950 415 2027; x_wconf 80' lang='lat' dir='ltr'>sphalma</span> <span class='ocrx_word' id='word_1_129' title='bbox 439 1949 534 2031; x_wconf 82' lang='lat' dir='ltr'>dicere</span> <span class='ocrx_word' id='word_1_130' title='bbox 564 1950 700 2007; x_wconf 83' lang='lat' dir='ltr'>arbitror.</span> <span class='ocrx_word' id='word_1_131' title='bbox 739 1953 935 2009; x_wconf 82' lang='lat' dir='ltr'>Commoveat</span> <span class='ocrx_word' id='word_1_132' title='bbox 962 1973 1009 2008; x_wconf 92' lang='lat' dir='ltr'>me</span> <span class='ocrx_word' id='word_1_133' title='bbox 1037 1975 1215 2032; x_wconf 81' lang='lat' dir='ltr'>magnopere</span> 
     </span>
     <span class='ocr_line' id='line_1_18' title="bbox 214 2034 1214 2113; baseline 0.001 -18"><span class='ocrx_word' id='word_1_134' title='bbox 214 2037 416 2096; x_wconf 81' lang='lat' dir='ltr'>auctoritates.</span> <span class='ocrx_word' id='word_1_135' title='bbox 438 2034 547 2089; x_wconf 89' lang='lat' dir='ltr'>nedum</span> <span class='ocrx_word' id='word_1_136' title='bbox 561 2052 627 2088; x_wconf 90' lang='lat' dir='ltr'>cum</span> <span class='ocrx_word' id='word_1_137' title='bbox 644 2036 736 2109; x_wconf 82' lang='lat' dir='ltr'>Regio</span> <span class='ocrx_word' id='word_1_138' title='bbox 752 2057 788 2091; x_wconf 87' lang='lat' dir='ltr'>ne</span> <span class='ocrx_word' id='word_1_139' title='bbox 803 2038 1015 2092; x_wconf 84' lang='lat' dir='ltr'>admonendam</span> <span class='ocrx_word' id='word_1_140' title='bbox 1030 2039 1152 2113; x_wconf 86' lang='lat' dir='ltr'>quidem</span> <span class='ocrx_word' id='word_1_141' title='bbox 1165 2040 1214 2103; x_wconf 77' lang='lat' dir='ltr'>liu-</span> 
     </span>
    </p>

    <p class='ocr_par' dir='ltr' id='par_1_7' title="bbox 142 2108 1247 2282">
     <span class='ocr_line' id='line_1_19' title="bbox 142 2108 1247 2201; baseline 0.001 -22"><span class='ocrx_word' id='word_1_142' title='bbox 142 2136 147 2150; x_wconf 83' lang='grc'><em>“</em></span> <span class='ocrx_word' id='word_1_143' title='bbox 214 2108 562 2179; x_wconf 80' lang='lat' dir='ltr'>teraeVreliitiitionem</span> <span class='ocrx_word' id='word_1_144' title='bbox 581 2120 725 2181; x_wconf 71' lang='lat' dir='ltr'>censeam:</span> <span class='ocrx_word' id='word_1_145' title='bbox 756 2121 801 2175; x_wconf 85' lang='lat' dir='ltr'>sed</span> <span class='ocrx_word' id='word_1_146' title='bbox 819 2137 990 2198; x_wconf 79' lang='lat' dir='ltr'>praegravat</span> <span class='ocrx_word' id='word_1_147' title='bbox 1005 2123 1081 2178; x_wconf 81' lang='lat' dir='ltr'>ratio</span> <span class='ocrx_word' id='word_1_148' title='bbox 1103 2122 1146 2198; x_wconf 56' lang='lat' dir='ltr'>ss.</span> <span class='ocrx_word' id='word_1_149' title='bbox 1163 2134 1213 2201; x_wconf 79' lang='lat'>95.</span> <span class='ocrx_word' id='word_1_150' title='bbox 1243 2112 1247 2123; x_wconf 53' lang='lat'>⁵</span> 
     </span>
     <span class='ocr_line' id='line_1_20' title="bbox 212 2200 1074 2282; baseline 0.001 -23"><span class='ocrx_word' id='word_1_151' title='bbox 212 2207 263 2282; x_wconf 81' lang='lat'>96.</span> <span class='ocrx_word' id='word_1_152' title='bbox 289 2205 342 2259; x_wconf 91' lang='lat' dir='ltr'>ubi</span> <span class='ocrx_word' id='word_1_153' title='bbox 356 2204 453 2265; x_wconf 72' lang='lat' dir='ltr'>leviter</span> <span class='ocrx_word' id='word_1_154' title='bbox 465 2200 550 2276; x_wconf 86' lang='lat' dir='ltr'>plane</span> <span class='ocrx_word' id='word_1_155' title='bbox 565 2202 603 2255; x_wconf 83' lang='lat' dir='ltr'>cll</span> <span class='ocrx_word' id='word_1_156' title='bbox 617 2223 671 2276; x_wconf 85' lang='lat' dir='ltr'>pro</span> <span class='ocrx_word' id='word_1_157' title='bbox 687 2205 839 2277; x_wconf 79' lang='lat' dir='ltr'>paululum.</span> <span class='ocrx_word' id='word_1_158' title='bbox 856 2205 894 2261; x_wconf 82' lang='lat' dir='ltr'>cf.</span> <span class='ocrx_word' id='word_1_159' title='bbox 913 2224 960 2268; x_wconf 77' lang='lat' dir='ltr'>ro.</span> <span class='ocrx_word' id='word_1_160' title='bbox 975 2218 1006 2273; x_wconf 74' lang='grc' dir='ltr'>δ,</span> <span class='ocrx_word' id='word_1_161' title='bbox 1023 2221 1074 2265; x_wconf 74' lang='lat' dir='ltr'>ur.</span> 
     </span>
    </p>
   </div>
   <div class='ocr_carea' id='block_1_5' title="bbox 208 2302 1231 2818">
    <p class='ocr_par' dir='ltr' id='par_1_8' title="bbox 208 2302 1231 2818">
     <span class='ocr_line' id='line_1_21' title="bbox 281 2302 1213 2400; baseline 0.006 -22"><span class='ocrx_word' id='word_1_162' title='bbox 281 2330 349 2388; x_wconf 81' lang='lat'><strong>¹04·</strong></span> <span class='ocrx_word' id='word_1_163' title='bbox 372 2323 455 2400; x_wconf 75' lang='lat' dir='ltr'>Quin.</span> <span class='ocrx_word' id='word_1_164' title='bbox 477 2319 653 2398; x_wconf 73' lang='lat' dir='ltr'>Guelf.&#39;()ui</span> <span class='ocrx_word' id='word_1_165' title='bbox 669 2341 736 2376; x_wconf 89' lang='lat' dir='ltr'>cum</span> <span class='ocrx_word' id='word_1_166' title='bbox 763 2323 839 2378; x_wconf 82' lang='lat' dir='ltr'>Vols.</span> <span class='ocrx_word' id='word_1_167' title='bbox 864 2342 889 2379; x_wconf 86' lang='lat' dir='ltr'>r.</span> <span class='ocrx_word' id='word_1_168' title='bbox 997 2318 1001 2323; x_wconf 66' lang='grc'><strong>’</strong></span> <span class='ocrx_word' id='word_1_169' title='bbox 1069 2302 1213 2399; x_wconf 53' lang='lat' dir='ltr'>inpoliti·</span> 
     </span>
     <span class='ocr_line' id='line_1_22' title="bbox 213 2402 1213 2469; baseline 0.002 -2"><span class='ocrx_word' id='word_1_170' title='bbox 213 2413 301 2467; x_wconf 83' lang='lat' dir='ltr'>tentia</span> <span class='ocrx_word' id='word_1_171' title='bbox 316 2406 361 2462; x_wconf 84' lang='lat' dir='ltr'>vel</span> <span class='ocrx_word' id='word_1_172' title='bbox 378 2411 429 2464; x_wconf 87' lang='lat' dir='ltr'>ira.</span> <span class='ocrx_word' id='word_1_173' title='bbox 466 2405 514 2460; x_wconf 82' lang='lat' dir='ltr'>Sic</span> <span class='ocrx_word' id='word_1_174' title='bbox 529 2405 628 2459; x_wconf 85' lang='lat' dir='ltr'>Turio.</span> <span class='ocrx_word' id='word_1_175' title='bbox 645 2405 835 2462; x_wconf 85' lang='lat' dir='ltr'>Flor.Ambr.</span> <span class='ocrx_word' id='word_1_176' title='bbox 855 2421 883 2462; x_wconf 79' lang='lat'>2.</span> <span class='ocrx_word' id='word_1_177' title='bbox 909 2407 1006 2465; x_wconf 81' lang='lat' dir='ltr'>Gueli.</span> <span class='ocrx_word' id='word_1_178' title='bbox 1028 2429 1095 2466; x_wconf 88' lang='lat' dir='ltr'>cum</span> <span class='ocrx_word' id='word_1_179' title='bbox 1119 2402 1213 2469; x_wconf 43' lang='lat' dir='ltr'>S&#39;toer·</span> 
     </span>
     <span class='ocr_line' id='line_1_23' title="bbox 211 2487 1211 2570; baseline 0.001 -21"><span class='ocrx_word' id='word_1_180' title='bbox 211 2496 337 2550; x_wconf 79' lang='lat' dir='ltr'>Chouet.</span> <span class='ocrx_word' id='word_1_181' title='bbox 345 2491 428 2545; x_wconf 90' lang='lat' dir='ltr'>Leid.</span> <span class='ocrx_word' id='word_1_182' title='bbox 437 2489 555 2562; x_wconf 84' lang='lat' dir='ltr'>Reliqui</span> <span class='ocrx_word' id='word_1_183' title='bbox 566 2487 709 2563; x_wconf 77' lang='lat' dir='ltr'>insignum</span> <span class='ocrx_word' id='word_1_184' title='bbox 719 2492 786 2557; x_wconf 89' lang='lat' dir='ltr'>(nili</span> <span class='ocrx_word' id='word_1_185' title='bbox 798 2493 879 2565; x_wconf 87' lang='lat' dir='ltr'>quod</span> <span class='ocrx_word' id='word_1_186' title='bbox 886 2493 954 2545; x_wconf 82' lang='lat' dir='ltr'>Bad.</span> <span class='ocrx_word' id='word_1_187' title='bbox 961 2492 1136 2557; x_wconf 82' lang='lat' dir='ltr'>inconsulto,</span> <span class='ocrx_word' id='word_1_188' title='bbox 1146 2496 1211 2570; x_wconf 86' lang='lat' dir='ltr'>opi·</span> 
     </span>
     <span class='ocr_line' id='line_1_24' title="bbox 209 2574 1212 2654; baseline 0.006 -24"><span class='ocrx_word' id='word_1_189' title='bbox 209 2597 275 2638; x_wconf 86' lang='lat' dir='ltr'>nor,</span> <span class='ocrx_word' id='word_1_190' title='bbox 282 2575 390 2651; x_wconf 78' lang='lat' dir='ltr'>finani)</span> <span class='ocrx_word' id='word_1_191' title='bbox 403 2574 592 2647; x_wconf 83' lang='lat' dir='ltr'>poenitentiae</span> <span class='ocrx_word' id='word_1_192' title='bbox 607 2575 651 2627; x_wconf 86' lang='lat' dir='ltr'>vel</span> <span class='ocrx_word' id='word_1_193' title='bbox 669 2577 726 2628; x_wconf 85' lang='lat' dir='ltr'>irae</span> <span class='ocrx_word' id='word_1_194' title='bbox 731 2595 741 2638; x_wconf 77' lang='lat'>,·</span> <span class='ocrx_word' id='word_1_195' title='bbox 763 2576 842 2647; x_wconf 79' lang='lat' dir='ltr'>quod</span> <span class='ocrx_word' id='word_1_196' title='bbox 856 2577 1008 2650; x_wconf 36' lang='lat' dir='ltr'>tero—cgnti</span> <span class='ocrx_word' id='word_1_197' title='bbox 1017 2578 1212 2654; x_wconf 83' lang='lat' dir='ltr'>Giblonoipli</span> 
     </span>
     <span class='ocr_line' id='line_1_25' title="bbox 209 2657 1231 2735; baseline 0.002 -20"><span class='ocrx_word' id='word_1_198' title='bbox 209 2659 342 2716; x_wconf 77' lang='lat' dir='ltr'>tuboluit</span> <span class='ocrx_word' id='word_1_199' title='bbox 365 2658 482 2735; x_wconf 79' lang='lat' dir='ltr'>aliquid</span> <span class='ocrx_word' id='word_1_200' title='bbox 510 2657 544 2711; x_wconf 92' lang='lat' dir='ltr'>de</span> <span class='ocrx_word' id='word_1_201' title='bbox 568 2657 744 2728; x_wconf 72' lang='lat' dir='ltr'>glollemate¹</span> <span class='ocrx_word' id='word_1_202' title='bbox 762 2658 875 2713; x_wconf 81' lang='lat' dir='ltr'>fortalle</span> <span class='ocrx_word' id='word_1_203' title='bbox 904 2659 955 2714; x_wconf 83' lang='lat' dir='ltr'>hic</span> <span class='ocrx_word' id='word_1_204' title='bbox 975 2658 1131 2723; x_wconf 62' lang='lat' dir='ltr'>versantes&#39;</span> <span class='ocrx_word' id='word_1_205' title='bbox 1163 2663 1231 2723; x_wconf 76' lang='lat' dir='ltr'>iod¹</span> 
     </span>
     <span class='ocr_line' id='line_1_26' title="bbox 208 2738 1212 2818; baseline 0.003 -23"><span class='ocrx_word' id='word_1_206' title='bbox 208 2744 311 2796; x_wconf 82' lang='lat' dir='ltr'>Ioann.</span> <span class='ocrx_word' id='word_1_207' title='bbox 341 2760 428 2815; x_wconf 89' lang='lat' dir='ltr'>quem</span> <span class='ocrx_word' id='word_1_208' title='bbox 457 2738 552 2793; x_wconf 85' lang='lat' dir='ltr'>teilem</span> <span class='ocrx_word' id='word_1_209' title='bbox 573 2740 655 2794; x_wconf 86' lang='lat' dir='ltr'>addit</span> <span class='ocrx_word' id='word_1_210' title='bbox 678 2757 707 2796; x_wconf 90' lang='lat' dir='ltr'>et</span> <span class='ocrx_word' id='word_1_211' title='bbox 732 2740 846 2812; x_wconf 85' lang='lat' dir='ltr'>aliquot</span> <span class='ocrx_word' id='word_1_212' title='bbox 867 2741 933 2818; x_wconf 80' lang='lat' dir='ltr'>edd.</span> <span class='ocrx_word' id='word_1_213' title='bbox 959 2741 1111 2796; x_wconf 78' lang='lat' dir='ltr'>auctoritas</span> <span class='ocrx_word' id='word_1_214' title='bbox 1132 2743 1212 2803; x_wconf 78' lang='lat' dir='ltr'>vicit</span> 
     </span>
    </p>
   </div>
   <div class='ocr_carea' id='block_1_6' title="bbox 194 2914 1267 4175">
    <p class='ocr_par' dir='ltr' id='par_1_9' title="bbox 194 2914 1267 4175">
     <span class='ocr_line' id='line_1_27' title="bbox 207 2914 1209 2999; baseline 0.005 -24"><span class='ocrx_word' id='word_1_215' title='bbox 207 2923 295 2983; x_wconf 72' lang='lat' dir='ltr'>nobis</span> <span class='ocrx_word' id='word_1_216' title='bbox 316 2918 421 2994; x_wconf 84' lang='lat' dir='ltr'>primis</span> <span class='ocrx_word' id='word_1_217' title='bbox 434 2918 552 2974; x_wconf 83' lang='lat' dir='ltr'>inducta</span> <span class='ocrx_word' id='word_1_218' title='bbox 568 2920 619 2981; x_wconf 83' lang='lat' dir='ltr'>est,</span> <span class='ocrx_word' id='word_1_219' title='bbox 641 2939 686 2976; x_wconf 85' lang='lat' dir='ltr'>re·</span> <span class='ocrx_word' id='word_1_220' title='bbox 728 2914 853 2978; x_wconf 81' lang='lat' dir='ltr'>Francia</span> <span class='ocrx_word' id='word_1_221' title='bbox 870 2921 943 2997; x_wconf 81' lang='lat' dir='ltr'>solis</span> <span class='ocrx_word' id='word_1_222' title='bbox 956 2942 1010 2999; x_wconf 84' lang='lat' dir='ltr'>pro</span> <span class='ocrx_word' id='word_1_223' title='bbox 1018 2918 1120 2997; x_wconf 55' lang='lat' dir='ltr'>scipulis</span> <span class='ocrx_word' id='word_1_224' title='bbox 1135 2914 1209 2998; x_wconf 76' lang='lat' dir='ltr'>pio·</span> 
     </span>
     <span class='ocr_line' id='line_1_28' title="bbox 206 2998 1267 3083; baseline 0.002 -22"><span class='ocrx_word' id='word_1_225' title='bbox 206 3007 292 3081; x_wconf 19' lang='lat' dir='ltr'>liqui,</span> <span class='ocrx_word' id='word_1_226' title='bbox 309 3019 373 3058; x_wconf 87' lang='lat' dir='ltr'>ante</span> <span class='ocrx_word' id='word_1_227' title='bbox 401 2998 516 3057; x_wconf 78' lang='lat' dir='ltr'>tremula</span> <span class='ocrx_word' id='word_1_228' title='bbox 536 3004 686 3077; x_wconf 83' lang='lat' dir='ltr'>interpun·</span> <span class='ocrx_word' id='word_1_229' title='bbox 728 3005 1109 3083; x_wconf 76' lang='lat' dir='ltr'>lectononindigeb&#39;urnus·¹</span> <span class='ocrx_word' id='word_1_230' title='bbox 1125 3008 1209 3081; x_wconf 87' lang='lat' dir='ltr'>quod</span> <span class='ocrx_word' id='word_1_231' title='bbox 1263 3064 1267 3073; x_wconf 82' lang='grc'>,</span> 
     </span>
     <span class='ocr_line' id='line_1_29' title="bbox 205 3083 1210 3168; baseline 0.004 -27"><span class='ocrx_word' id='word_1_232' title='bbox 205 3094 298 3168; x_wconf 66' lang='lat' dir='ltr'>gunt,</span> <span class='ocrx_word' id='word_1_233' title='bbox 320 3107 439 3162; x_wconf 85' lang='lat' dir='ltr'>eamque</span> <span class='ocrx_word' id='word_1_234' title='bbox 462 3087 497 3141; x_wconf 84' lang='lat' dir='ltr'>ad</span> <span class='ocrx_word' id='word_1_235' title='bbox 513 3085 623 3161; x_wconf 80' lang='lat' dir='ltr'>scenica</span> <span class='ocrx_word' id='word_1_236' title='bbox 648 3083 686 3160; x_wconf 77' lang='lat' dir='ltr'>eft</span> <span class='ocrx_word' id='word_1_237' title='bbox 728 3090 751 3142; x_wconf 88' lang='lat' dir='ltr'>[i</span> <span class='ocrx_word' id='word_1_238' title='bbox 774 3090 897 3145; x_wconf 85' lang='lat' dir='ltr'>vicillinr</span> <span class='ocrx_word' id='word_1_239' title='bbox 920 3091 1021 3152; x_wconf 82' lang='lat' dir='ltr'>fieret,</span> <span class='ocrx_word' id='word_1_240' title='bbox 1052 3090 1210 3162; x_wconf 84' lang='lat' dir='ltr'>ingenium</span> 
     </span>
     <span class='ocr_line' id='line_1_30' title="bbox 204 3170 1207 3248; baseline -0.004 -15"><span class='ocrx_word' id='word_1_241' title='bbox 204 3178 349 3247; x_wconf 86' lang='lat' dir='ltr'>integram</span> <span class='ocrx_word' id='word_1_242' title='bbox 380 3170 492 3226; x_wconf 81' lang='lat' dir='ltr'>iaciunt</span> <span class='ocrx_word' id='word_1_243' title='bbox 509 3172 684 3234; x_wconf 83' lang='lat' dir='ltr'>sententiam,</span> <span class='ocrx_word' id='word_1_244' title='bbox 729 3189 796 3226; x_wconf 84' lang='lat' dir='ltr'>erat.</span> <span class='ocrx_word' id='word_1_245' title='bbox 856 3174 936 3229; x_wconf 89' lang='lat' dir='ltr'>Illud</span> <span class='ocrx_word' id='word_1_246' title='bbox 964 3174 1099 3248; x_wconf 83' lang='lat' dir='ltr'>equidem</span> <span class='ocrx_word' id='word_1_247' title='bbox 1128 3176 1207 3229; x_wconf 68' lang='lat' dir='ltr'>celto</span> 
     </span>
     <span class='ocr_line' id='line_1_31' title="bbox 204 3255 1210 3336; baseline -0.004 -20"><span class='ocrx_word' id='word_1_248' title='bbox 204 3257 359 3336; x_wconf 64' lang='lat' dir='ltr'>praecidam</span> <span class='ocrx_word' id='word_1_249' title='bbox 381 3255 480 3317; x_wconf 85' lang='lat' dir='ltr'>illam,</span> <span class='ocrx_word' id='word_1_250' title='bbox 501 3273 554 3308; x_wconf 89' lang='lat' dir='ltr'>nec</span> <span class='ocrx_word' id='word_1_251' title='bbox 569 3255 685 3326; x_wconf 84' lang='lat' dir='ltr'>Quinti·</span> <span class='ocrx_word' id='word_1_252' title='bbox 727 3276 788 3311; x_wconf 89' lang='lat' dir='ltr'>non</span> <span class='ocrx_word' id='word_1_253' title='bbox 810 3258 921 3322; x_wconf 83' lang='lat' dir='ltr'>dicam,</span> <span class='ocrx_word' id='word_1_254' title='bbox 949 3280 968 3312; x_wconf 86' lang='lat' dir='ltr'>a</span> <span class='ocrx_word' id='word_1_255' title='bbox 979 3256 1084 3332; x_wconf 79' lang='lat' dir='ltr'>scholis</span> <span class='ocrx_word' id='word_1_256' title='bbox 1098 3269 1210 3330; x_wconf 77' lang='lat' dir='ltr'>recepta</span> 
     </span>
     <span class='ocr_line' id='line_1_32' title="bbox 203 3338 1209 3417; baseline -0.002 -20"><span class='ocrx_word' id='word_1_257' title='bbox 203 3346 314 3402; x_wconf 85' lang='lat' dir='ltr'>lianeae</span> <span class='ocrx_word' id='word_1_258' title='bbox 325 3340 457 3395; x_wconf 78' lang='lat' dir='ltr'>sanitatis.</span> <span class='ocrx_word' id='word_1_259' title='bbox 478 3338 591 3410; x_wconf 90' lang='lat' dir='ltr'>Nempe</span> <span class='ocrx_word' id='word_1_260' title='bbox 599 3359 685 3413; x_wconf 86' lang='lat' dir='ltr'>quae·</span> <span class='ocrx_word' id='word_1_261' title='bbox 727 3357 827 3396; x_wconf 87' lang='lat' dir='ltr'>utrum</span> <span class='ocrx_word' id='word_1_262' title='bbox 841 3343 898 3398; x_wconf 82' lang='lat' dir='ltr'>[int</span> <span class='ocrx_word' id='word_1_263' title='bbox 912 3340 1025 3397; x_wconf 77' lang='lat' dir='ltr'>scholae</span> <span class='ocrx_word' id='word_1_264' title='bbox 1041 3361 1115 3417; x_wconf 79' lang='lat' dir='ltr'>quae</span> <span class='ocrx_word' id='word_1_265' title='bbox 1129 3358 1209 3399; x_wconf 76' lang='lat' dir='ltr'>rece·</span> 
     </span>
     <span class='ocr_line' id='line_1_33' title="bbox 203 3416 1209 3498; baseline 0 -17"><span class='ocrx_word' id='word_1_266' title='bbox 203 3431 334 3486; x_wconf 78' lang='lat' dir='ltr'>ficerunt</span> <span class='ocrx_word' id='word_1_267' title='bbox 357 3421 479 3498; x_wconf 83' lang='lat' dir='ltr'>aliquod</span> <span class='ocrx_word' id='word_1_268' title='bbox 502 3421 684 3485; x_wconf 79' lang='lat' dir='ltr'>attributum,</span> <span class='ocrx_word' id='word_1_269' title='bbox 725 3424 837 3498; x_wconf 76' lang='lat' dir='ltr'>parim,</span> <span class='ocrx_word' id='word_1_270' title='bbox 868 3447 903 3481; x_wconf 85' lang='lat' dir='ltr'>an</span> <span class='ocrx_word' id='word_1_271' title='bbox 928 3426 1056 3480; x_wconf 82' lang='lat' dir='ltr'>Romani</span> <span class='ocrx_word' id='word_1_272' title='bbox 1074 3416 1209 3482; x_wconf 70' lang='lat' dir='ltr'>rhetores</span> 
     </span>
     <span class='ocr_line' id='line_1_34' title="bbox 194 3507 1209 3592; baseline -0.002 -27"><span class='ocrx_word' id='word_1_273' title='bbox 194 3509 286 3592; x_wconf 78' lang='lat' dir='ltr'>quod</span> <span class='ocrx_word' id='word_1_274' title='bbox 302 3509 455 3563; x_wconf 87' lang='lat' dir='ltr'>adderetur</span> <span class='ocrx_word' id='word_1_275' title='bbox 472 3508 565 3560; x_wconf 86' lang='lat' dir='ltr'>manui</span> <span class='ocrx_word' id='word_1_276' title='bbox 581 3508 624 3561; x_wconf 86' lang='lat' dir='ltr'>illi</span> <span class='ocrx_word' id='word_1_277' title='bbox 639 3529 684 3562; x_wconf 85' lang='lat' dir='ltr'>ca·</span> <span class='ocrx_word' id='word_1_278' title='bbox 728 3509 780 3583; x_wconf 88' lang='lat' dir='ltr'>qui</span> <span class='ocrx_word' id='word_1_279' title='bbox 803 3530 818 3563; x_wconf 86' lang='lat' dir='ltr'>a</span> <span class='ocrx_word' id='word_1_280' title='bbox 840 3507 956 3567; x_wconf 82' lang='lat' dir='ltr'>ieholie.</span> <span class='ocrx_word' id='word_1_281' title='bbox 1002 3509 1089 3565; x_wconf 78' lang='lat' dir='ltr'>Prius</span> <span class='ocrx_word' id='word_1_282' title='bbox 1111 3525 1209 3565; x_wconf 78' lang='lat' dir='ltr'>tamen</span> 
     </span>
     <span class='ocr_line' id='line_1_35' title="bbox 202 3590 1210 3669; baseline -0.005 -18"><span class='ocrx_word' id='word_1_283' title='bbox 202 3614 389 3655; x_wconf 73' lang='lat' dir='ltr'>vae—rarae</span> <span class='ocrx_word' id='word_1_284' title='bbox 402 3592 684 3646; x_wconf 82' lang='lat' dir='ltr'>-elatae-lrorta·</span> <span class='ocrx_word' id='word_1_285' title='bbox 724 3593 825 3648; x_wconf 83' lang='lat' dir='ltr'>verius</span> <span class='ocrx_word' id='word_1_286' title='bbox 842 3610 925 3669; x_wconf 86' lang='lat' dir='ltr'>puto,</span> <span class='ocrx_word' id='word_1_287' title='bbox 949 3606 979 3648; x_wconf 87' lang='lat' dir='ltr'>et</span> <span class='ocrx_word' id='word_1_288' title='bbox 993 3605 1106 3666; x_wconf 79' lang='lat' dir='ltr'>accepta</span> <span class='ocrx_word' id='word_1_289' title='bbox 1119 3594 1152 3648; x_wconf 85' lang='lat' dir='ltr'>in</span> <span class='ocrx_word' id='word_1_290' title='bbox 1168 3590 1210 3646; x_wconf 73' lang='lat' dir='ltr'>nl·</span> 
     </span>
     <span class='ocr_line' id='line_1_36' title="bbox 202 3674 1209 3750; baseline -0.007 -12"><span class='ocrx_word' id='word_1_291' title='bbox 202 3685 274 3739; x_wconf 75' lang='lat' dir='ltr'>erici.</span> <span class='ocrx_word' id='word_1_292' title='bbox 318 3677 375 3733; x_wconf 88' lang='lat' dir='ltr'>Sed</span> <span class='ocrx_word' id='word_1_293' title='bbox 396 3675 433 3729; x_wconf 84' lang='lat' dir='ltr'>est</span> <span class='ocrx_word' id='word_1_294' title='bbox 448 3676 481 3729; x_wconf 86' lang='lat' dir='ltr'>in</span> <span class='ocrx_word' id='word_1_295' title='bbox 501 3674 581 3729; x_wconf 86' lang='lat' dir='ltr'>hisce</span> <span class='ocrx_word' id='word_1_296' title='bbox 601 3695 684 3750; x_wconf 85' lang='lat' dir='ltr'>prae·</span> <span class='ocrx_word' id='word_1_297' title='bbox 724 3691 785 3731; x_wconf 86' lang='lat' dir='ltr'>tera</span> <span class='ocrx_word' id='word_1_298' title='bbox 806 3678 918 3734; x_wconf 81' lang='lat' dir='ltr'>ratione</span> <span class='ocrx_word' id='word_1_299' title='bbox 944 3675 1102 3731; x_wconf 86' lang='lat' dir='ltr'>dicendum</span> <span class='ocrx_word' id='word_1_300' title='bbox 1115 3674 1209 3740; x_wconf 71' lang='lat' dir='ltr'>finus,</span> 
     </span>
     <span class='ocr_line' id='line_1_37' title="bbox 203 3758 1211 3840; baseline -0.001 -23"><span class='ocrx_word' id='word_1_301' title='bbox 203 3766 293 3840; x_wconf 78' lang='lat' dir='ltr'>ceptis</span> <span class='ocrx_word' id='word_1_302' title='bbox 327 3759 473 3834; x_wconf 84' lang='lat' dir='ltr'>imprimis</span> <span class='ocrx_word' id='word_1_303' title='bbox 503 3758 683 3831; x_wconf 82' lang='lat' dir='ltr'>frequentata</span> <span class='ocrx_word' id='word_1_304' title='bbox 725 3760 807 3834; x_wconf 90' lang='lat' dir='ltr'>quod</span> <span class='ocrx_word' id='word_1_305' title='bbox 831 3778 927 3818; x_wconf 81' lang='lat' dir='ltr'>tamen</span> <span class='ocrx_word' id='word_1_306' title='bbox 948 3758 1159 3816; x_wconf 81' lang='lat' dir='ltr'>excludebatur</span> <span class='ocrx_word' id='word_1_307' title='bbox 1173 3760 1211 3817; x_wconf 82' lang='lat' dir='ltr'>ab</span> 
     </span>
     <span class='ocr_line' id='line_1_38' title="bbox 202 3841 1212 3921; baseline -0.005 -17"><span class='ocrx_word' id='word_1_308' title='bbox 202 3850 297 3905; x_wconf 85' lang='lat' dir='ltr'>noliro</span> <span class='ocrx_word' id='word_1_309' title='bbox 313 3846 450 3902; x_wconf 79' lang='lat' dir='ltr'>structura</span> <span class='ocrx_word' id='word_1_310' title='bbox 466 3841 551 3898; x_wconf 83' lang='lat' dir='ltr'>verbi</span> <span class='ocrx_word' id='word_1_311' title='bbox 559 3841 684 3898; x_wconf 81' lang='lat' dir='ltr'>substan·</span> <span class='ocrx_word' id='word_1_312' title='bbox 723 3843 778 3899; x_wconf 93' lang='lat' dir='ltr'>illo</span> <span class='ocrx_word' id='word_1_313' title='bbox 798 3864 895 3921; x_wconf 83' lang='lat' dir='ltr'>prope.</span> <span class='ocrx_word' id='word_1_314' title='bbox 928 3843 1079 3899; x_wconf 83' lang='lat' dir='ltr'>Gallaeum</span> <span class='ocrx_word' id='word_1_315' title='bbox 1095 3842 1212 3919; x_wconf 71' lang='lat' dir='ltr'>scholas</span> 
     </span>
     <span class='ocr_line' id='line_1_39' title="bbox 200 3924 1209 4006; baseline -0.004 -19"><span class='ocrx_word' id='word_1_316' title='bbox 200 3933 267 3995; x_wconf 80' lang='lat' dir='ltr'>rivi,</span> <span class='ocrx_word' id='word_1_317' title='bbox 277 3934 310 3986; x_wconf 92' lang='lat' dir='ltr'>de</span> <span class='ocrx_word' id='word_1_318' title='bbox 320 3949 376 4006; x_wconf 86' lang='lat' dir='ltr'>qua</span> <span class='ocrx_word' id='word_1_319' title='bbox 386 3925 499 4000; x_wconf 81' lang='lat' dir='ltr'>egimus</span> <span class='ocrx_word' id='word_1_320' title='bbox 510 3924 544 3978; x_wconf 87' lang='lat' dir='ltr'>ad</span> <span class='ocrx_word' id='word_1_321' title='bbox 554 3943 582 3998; x_wconf 77' lang='lat'>9,</span> <span class='ocrx_word' id='word_1_322' title='bbox 592 3938 619 3991; x_wconf 72' lang='grc' dir='ltr'>ὅ,</span> <span class='ocrx_word' id='word_1_323' title='bbox 632 3940 679 3983; x_wconf 83' lang='lat'>12.</span> <span class='ocrx_word' id='word_1_324' title='bbox 724 3927 775 3983; x_wconf 86' lang='lat' dir='ltr'>hic</span> <span class='ocrx_word' id='word_1_325' title='bbox 794 3929 981 4004; x_wconf 78' lang='lat' dir='ltr'>provinciales</span> <span class='ocrx_word' id='word_1_326' title='bbox 1006 3929 1209 4001; x_wconf 78' lang='lat' dir='ltr'>agnoscentem</span> 
     </span>
     <span class='ocr_line' id='line_1_40' title="bbox 200 4008 1211 4087; baseline -0.002 -17"><span class='ocrx_word' id='word_1_327' title='bbox 200 4030 229 4070; x_wconf 83' lang='lat' dir='ltr'>et</span> <span class='ocrx_word' id='word_1_328' title='bbox 243 4014 322 4069; x_wconf 80' lang='lat' dir='ltr'>alibi.</span> <span class='ocrx_word' id='word_1_329' title='bbox 347 4009 448 4083; x_wconf 83' lang='lat' dir='ltr'>Qualis</span> <span class='ocrx_word' id='word_1_330' title='bbox 462 4009 513 4063; x_wconf 78' lang='lat' dir='ltr'>liic</span> <span class='ocrx_word' id='word_1_331' title='bbox 529 4008 681 4063; x_wconf 82' lang='lat' dir='ltr'>valdema·</span> <span class='ocrx_word' id='word_1_332' title='bbox 721 4012 786 4068; x_wconf 83' lang='lat' dir='ltr'>latis</span> <span class='ocrx_word' id='word_1_333' title='bbox 801 4014 907 4087; x_wconf 85' lang='lat' dir='ltr'>probo,</span> <span class='ocrx_word' id='word_1_334' title='bbox 930 4013 986 4065; x_wconf 85' lang='lat' dir='ltr'>nili</span> <span class='ocrx_word' id='word_1_335' title='bbox 1001 4012 1078 4066; x_wconf 80' lang='lat' dir='ltr'>forte</span> <span class='ocrx_word' id='word_1_336' title='bbox 1093 4028 1211 4085; x_wconf 78' lang='lat' dir='ltr'>gruem</span> 
     </span>
     <span class='ocr_line' id='line_1_41' title="bbox 199 4092 1206 4175; baseline -0.006 -20"><span class='ocrx_word' id='word_1_337' title='bbox 199 4096 298 4155; x_wconf 81' lang='lat' dir='ltr'>niielia</span> <span class='ocrx_word' id='word_1_338' title='bbox 313 4101 340 4172; x_wconf 62' lang='grc' dir='ltr'>ς.</span> <span class='ocrx_word' id='word_1_339' title='bbox 352 4109 420 4150; x_wconf 84' lang='lat' dir='ltr'>roo.</span> <span class='ocrx_word' id='word_1_340' title='bbox 443 4092 680 4173; x_wconf 31' lang='lat' dir='ltr'>Corrigentcuhic</span> <span class='ocrx_word' id='word_1_341' title='bbox 722 4096 755 4152; x_wconf 82' lang='lat' dir='ltr'>in</span> <span class='ocrx_word' id='word_1_342' title='bbox 769 4096 828 4175; x_wconf 79' lang='lat' dir='ltr'>ipsa</span> <span class='ocrx_word' id='word_1_343' title='bbox 842 4096 918 4154; x_wconf 82' lang='lat' dir='ltr'>urbe</span> <span class='ocrx_word' id='word_1_344' title='bbox 931 4111 1013 4157; x_wconf 84' lang='lat' dir='ltr'>notat</span> <span class='ocrx_word' id='word_1_345' title='bbox 1026 4095 1131 4153; x_wconf 78' lang='lat' dir='ltr'>noster.</span> <span class='ocrx_word' id='word_1_346' title='bbox 1203 4144 1206 4149; x_wconf 94' lang='grc'><em>,</em></span> 
     </span>
    </p>
   </div>
   <div class='ocr_carea' id='block_1_7' title="bbox 0 0 1298 4666">
    <p class='ocr_par' dir='ltr' id='par_1_10' title="bbox 0 0 1298 4666">
     <span class='ocr_line' id='line_1_42' title="bbox 0 0 1298 4666; baseline 0 7"><span class='ocrx_word' id='word_1_347' title='bbox 0 0 1298 4666; x_wconf 95' lang='lat' dir='ltr'> </span> 
     </span>
    </p>
   </div>
  </div>
 </body>
</html>
