2586 4666
188 292 271 393 258⁶
392 276 411 348 f
436 289 493 360 Μ.
521 291 624 360 rue.
650 289 992 399 Qurnrmtnr„
1019 344 1040 390 Ι.

196 481 307 557 hunc
331 480 559 566 intuentur,
596 421 705 551 himo
729 473 921 574 spectant,
949 474 1069 551 etiarn
1090 472 1201 552 ante·

28 658 34 679 ,
120 628 135 680 χ
198 619 320 695 quam
350 593 533 677 dicimus.
570 590 648 672 hoc
676 589 870 691 quosdam
893 615 1091 679 curamue,
1115 593 1220 677 ,1122

99 780 103 791 Χ
201 708 370 804 odimur.
407 708 485 782 hoc
518 696 693 806 plurima
724 705 1009 806 intelligimuS,
1044 706 1111 781 hic
1144 705 1203 781 est-

130 810 310 924 rtt'saepe
325 849 400 924 pro
417 821 603 897 omnibus
619 820 761 895 verbis.
795 823 943 918 ,Itaque
957 822 1003 894 in
1017 822 1082 910 iis,
1098 845 1213 920 quae

200 937 251 1013 ad
267 932 909 1036 scenamcomponuntur,fabulis
922 933 1203 1037 artificespro-
1267 1011 1270 1015 .

198 1051 419 1128 nunciandi
434 1077 456 1127 a
469 1048 646 1154 personis
662 1073 824 1150 quoque
840 1045 1001 1126 affectus
1014 1066 1204 1129 mutuan-

118 1318 133 1345 »
199 1283 279 1359 quod
293 1283 328 1338 ab
346 1283 397 1338 lue
408 1282 532 1358 pendent
546 1281 652 1338 maluit
664 1279 835 1345 monachus,
849 1282 902 1338 ubi
916 1297 1030 1357 praeter
1045 1284 1204 1341 Francium

198 1370 278 1425 idem
298 1367 447 1424 volentem
476 1368 551 1423 mire
584 1369 724 1442 patienter
747 1366 835 1422 video
856 1368 918 1426 VV.
942 1368 1012 1422 DD.
1037 1367 1215 1424 duriffimae

197 1446 361 1528 structurae.
404 1455 555 1528 Reponam
576 1453 637 1505 hine
657 1470 712 1526 pro
735 1451 803 1514 hoc,
814 1471 978 1526 quanquam
996 1450 1030 1506 ad
1047 1451 1203 1508 defenden-

199 1539 271 1594 dum
295 1521 424 1621 noiirurn
443 1535 551 1594 Catulli
566 1535 633 1591 loco
651 1554 687 1597 ex
707 1534 834 1610 Epithal
849 1536 935 1591 Thet.
954 1551 1003 1602 70.
1019 1520 1114 1613 utitur
1128 1540 1211 1595 Bur*

159 1625 168 1629 ’
200 1616 333 1678 mannua
359 1621 459 1676 Turic.
475 1621 525 1672 luc
533 1617 685 1694 spectatur,
707 1638 762 1694 pro
778 1639 837 1694 quo
854 1620 888 1675 ab
905 1621 1004 1675 eadem
1018 1638 1106 1675 manu
1116 1640 1206 1695 repo

137 1712 140 1716 ’
177 1709 288 1764 ‘fitum
304 1705 381 1768 hunc
402 1703 481 1759 nlhll
495 1718 604 1759 mutata
621 1724 692 1758 voce
708 1703 810 1758 altera
835 1706 890 1759 Sed
905 1704 983 1760 l⁴lor
998 1724 1072 1778 apr.
1086 1703 1214 1779 21]ρᾴ-

201 1805 318 1851 etantur,
337 1786 568 1864 morspectatur.
588 1787 1204 1846 1111262211.Εκαὸεηῑειῃὴοσιηωσιι

202 1893 247 1932 tur
267 1863 318 1928 liic
324 1872 474 1950 spectatur.
497 1872 670 1932 12211222
687 1873 737 1927 hoc
747 1870 772 1946 s.
791 1892 858 1926 cum
876 1874 940 1930 edd.
955 1873 1122 1947 posteriorr.
1139 1893 1205 1934 anto
1226 1924 1244 1947 „

202 1957 447 2032 Ald.·Vulgatam
467 1977 482 2010 a
504 1955 581 2012 vall.
601 1957 745 2011 defensam
768 1957 883 2011 testatur
902 1958 974 2014 Bad.
992 1977 1121 2032 quocum
1136 1980 1204 2017 con·

134 2094 140 2100 .
157 2083 161 2092 κ
202 2044 329 2100 sentiunt
341 2041 431 2097 Goth.
447 2043 547 2114 Camp.
563 2051 598 2102 et,
614 2042 647 2096 ut
658 2041 794 2114 suspicor,
812 2041 890 2101 Voss.
904 2057 933 2098 2.
955 2036 1093 2100 Recurrit
1108 2033 1211 2103 aufem

202 2129 272 2185 Bad.
295 2127 329 2181 ad
355 2127 480 2180 eundern
501 2125 536 2178 de
558 2144 617 2199 quo
633 2125 695 2200 egit
708 2124 742 2178 ad
759 2138 788 2192 3,
808 2118 855 2188 1¹,
876 2126 924 2182 26.
941 2125 1127 2191 versiculum,
1151 2133 1205 2207 qui
1272 2172 1276 2177 .

203 2213 255 2268 hic
269 2211 388 2285 quidem
401 2210 578 2266 revincatur.
764 2210 887 2265 dicimus.
910 2213 957 2266 Sic
970 2210 1049 2267 Flor.
1064 2215 1165 2272 Ambr.
1177 2231 1204 2274 2.

166 2366 168 2371 ,
205 2295 301 2352 Guelf.
324 2308 379 2370 'pro
401 2294 522 2350 dicamur
543 2293 727 2368 reliquorum
745 2312 812 2348 cum
828 2295 917 2350 Goth.
933 2297 1009 2352 von.
1025 2309 1053 2364 5.
1070 2297 1120 2369 (an
1137 2301 1205 2378 21).

203 2383 327 2436 ducimur
348 2379 448 2434 Turic.
469 2396 535 2432 cum
557 2377 632 2432 Alm.
656 2379 713 2447 (cf.
732 2389 780 2445 55.
799 2393 827 2433 et
848 2378 883 2432 de
899 2378 1039 2437 structura
1052 2399 1081 2451 5,
1100 2387 1128 2449 6,
1149 2391 1204 2454 1.).

197 2464 308 2542 semper
320 2484 374 2540 pro
390 2461 581 2539 saepeTuric.
596 2461 673 2522 Flor.
684 2464 783 2537 Camp.
800 2462 882 2535 plura
897 2466 987 2523 Goth.
1003 2485 1036 2525 ut
1048 2471 1139 2526 modo
1155 2487 1204 2540 70.
1251 2498 1257 2513 .

202 2549 329 2625 pluribus
346 2547 440 2604 Guelf.
459 2567 619 2623 prae-omn.
637 2547 727 2603 Goth.
742 2547 826 2602 male.
1269 2542 1272 2547 ⁴

268 2680 317 2735 73.
344 2667 446 2742 ltaque.
462 2665 550 2722 Goth.
559 2667 603 2720 Ita
612 2683 677 2718 cum
686 2664 764 2722 Vols.
775 2672 838 2731 2’,5.
858 2665 900 2719 his
915 2666 1009 2724 Gueli.
1027 2670 1206 2744 Camp.qnae

95 2759 98 2764 ’
198 2748 330 2828 scaenam
344 2747 443 2805 Turio.
459 2770 542 2827 quam
556 2747 668 2830 scenam
676 2747 754 2804 Flor.
772 2769 797 2824 q.
813 2771 839 2805 a.
857 2772 952 2806 cenem
964 2750 1061 2808 Ambr.
1080 2767 1109 2806 2.
1126 2775 1152 2828 q.
1175 2756 1206 2808 in

248 2969 297 3022 72.
333 2953 403 3009 hune
431 2954 579 3016 intuentur,
613 2953 684 3008 bunc
727 2953 846 3014 dientes,
868 2974 929 3011 non
947 2955 1089 3018 dicenter·
1108 2974 1208 3030 nequo

198 3037 338 3119 spectant.
388 3036 454 3095 Nifi
474 3038 539 3110 quis
563 3038 683 3093 manif-e
726 3040 805 3092 enim
836 3043 958 3115 intellig
932 3062 1017 3097 vimus
1041 3039 1209 3115 significare
1263 3100 1266 3106 ,

203 3125 251 3181 stit
267 3120 614 3186 auctoritatibuewceut
631 3121 682 3176 ali·
726 3123 820 3180 dicas·
861 3087 1034 3201 intelligere
1045 3145 1096 3181 nos
1125 3119 1208 3197 testa·

203 3228 292 3284 quam
319 3209 372 3264 else
399 3207 508 3261 horum
533 3206 591 3263 hoc
613 3205 681 3261 1222
724 3228 793 3261 mur.
829 3204 1026 3268 Ablativum
1018 3212 1110 3286 igitur
1132 3209 1208 3264 acci·

203 3294 363 3348 verborum
387 3291 590 3354 differentiam,
615 3312 632 3345 a
646 3291 682 3344 li·
723 3292 786 3365 piet
817 3295 896 3368 quasi
919 3315 953 3351 ex
984 3297 1052 3359 hoc,
1091 3305 1209 3368 propter

203 3377 309 3434 brema
319 3395 383 3452 ego,
393 3374 683 3447 nonaQurntrlranO,
726 3377 804 3433 hunc.
846 3379 910 3434 Nec
927 3380 1208 3447 obstarearbitror,

205 3462 260 3516 effe
280 3459 364 3516 hasce
384 3459 520 3515 reduvias
536 3458 684 3515 confiden-
726 3462 807 3534 quod
823 3463 913 3518 modo
925 3464 988 3518 sene
1004 3467 1035 3520 in
1050 3466 1144 3540 prima
1154 3463 1209 3541 illa

204 3561 250 3602 tet·
268 3544 393 3599 dixerim
422 3559 450 3599 et
473 3544 566 3598 cultro
588 3544 684 3598 sanan·
725 3546 844 3618 persona
880 3563 961 3602 erant
982 3552 1111 3605 oratores
1140 3546 1222 3623 1211.μ

162 3660 166 3669 =
205 3629 281 3686 dar.
322 3628 464 3684 Posteriur
492 3644 586 3683 autem
612 3628 685 3683 reci·
726 3632 885 3703 Intelligere
922 3632 1075 3705 usurpatur
1102 3632 1210 3702 eodem
1245 3675 1250 3687 .

205 3713 281 3770 dam.
313 3713 357 3770 cf.
375 3727 436 3768 not.
454 3713 519 3769 crit.
543 3712 631 3769 etiam
650 3714 684 3768 in
726 3731 785 3788 quo
808 3733 853 3777 10,
873 3736 900 3779 1,
920 3730 987 3782 105.
1006 3717 1107 3773 modo.

192 3797 254 3875 'hoc
266 3800 397 3871 pendent.
534 3832 536 3836 -
768 3813 816 3866 75.
854 3820 872 3853 a
897 3800 1031 3876 personis.
1063 3803 1084 3857 i.
1115 3822 1141 3857 e.
1169 3803 1208 3861 ab

245 3883 296 3937 lroc
327 3883 463 3959 quosdam
483 3911 525 3924 ··-
546 3881 682 3956 intelligi·
722 3882 849 3957 ipsarum
867 3882 1015 3939 larvarum
1028 3884 1235 3944 scenicarum

200 3983 267 4021 nius.
287 3966 535 4022 Postremoverbo
554 3984 680 4039 apparet,
721 3966 834 4023 habitu.
899 3970 994 4042 Quem
1025 3987 1121 4025 autem
1153 3969 1210 4027 hio

199 4047 269 4106 iilo·
292 4050 345 4128 qui
368 4048 534 4126 intelligant
557 4050 611 4107 etro
629 4069 680 4107 au·
720 4049 925 4120 nostrilocus
957 4072 1020 4110 non
1050 4054 1209 4115 admoneat
