2586 4666
301 267 431 345 ruer..
463 266 679 391 oneror,
701 268 796 369 utu
827 267 883 354 r,
922 286 954 338 1.
1083 243 1158 367 ,aa

116 457 336 545 Marcello,
363 454 565 543 silentium
583 456 727 554 egerit:
765 457 856 555 quie
877 459 952 532 erit
973 456 1133 549 modur,

94 566 97 571 ’
120 570 151 657 sl
173 589 214 648 et
235 573 353 661 illos,
382 585 422 644 et
444 571 518 671 qui
540 568 673 673 pellea
697 568 890 660 fueruntr
907 588 946 647 et
962 575 1132 675 ¹Graecos

122 711 285 787 omnes,
312 701 352 758 et
376 682 665 785 philosophos-2
694 687 788 761 Fuit
814 687 940 786 igitur
960 687 1132 765 brevitas
1148 713 1188 776 aa

82 833 87 841 ·
121 803 202 877 illu
218 794 417 897 lutiffima,
458 823 561 899 quae
582 798 691 899 apud
709 802 878 877 Livium
890 785 945 877 'in
967 799 1133 903 epistole

123 915 173 999 ud
187 912 316 1007 filium
330 911 482 1014 scripta,
501 909 994 1020 legendosDemostltenem
1012 934 1132 1017 utque

53 1024 117 1119 θές)
129 1032 363 1107 Ciceronem:
385 1045 480 1113 ‚tum
506 1035 586 1132 itu,
615 1045 659 1103 ut
682 1034 843 1129 quisque
867 1023 962 1141 effer
982 1032 1133 1111 Demo·
1207 1126 1210 1131 Ι

115 1141 246 1252 stheni
269 1160 308 1221 et
329 1124 505 1231 'Ciceroni
513 1138 745 1250 simillimus.
803 1128 902 1220 Non
926 1144 981 1221 est
1000 1162 1133 1231 tamen
1147 1161 1188 1225 49

124 1258 388 1337 dissimulanda
428 1256 554 1336 nostri
594 1284 758 1359 quoque
794 1232 937 1354 judicii
966 1261 1132 1339 summe.
1202 1328 1206 1338 .

118 1490 186 1551 tasse
205 1507 292 1546 'eruas
316 1492 430 1564 quisque
455 1488 495 1557 (i.
513 1509 537 1544 e.
557 1488 728 1565 quibusque)
745 1486 891 1564 consueuit.
937 1490 992 1545 Sed
1004 1507 1131 1566 praeter·

121 1594 207 1651 quam
239 1575 321 1648 quod
352 1572 472 1627 secunde
499 1572 590 1628 rnodo
612 1590 714 1628 manus
736 1571 824 1628 hebet
846 1577 972 1650 quisque,
1007 1575 1133 1632 alterum

117 1657 211 1722 illud,
237 1657 318 1732 quod
339 1656 371 1710 in
395 1655 579 1712 vetustissima
600 1657 737 1732 scriptura
755 1675 919 1733 comparet.
943 1659 987 1721 U,
1012 1656 1131 1715 dullum

110 1738 150 1798 ¹ln
163 1743 259 1799 nostra
276 1740 480 1796 emendatione
496 1758 679 1795 momentum
694 1740 780 1805 sacit3
803 1740 878 1796 male
894 1742 1022 1816 quidem.
1066 1744 1132 1799 Neo

115 1840 200 1882 certo
224 1824 358 1900 exemplo
383 1824 486 1879 docere
509 1824 654 1900 contingit
674 1823 813 1902 corsueffe
832 1825 987 1880 stominibus
1002 1826 1061 1882 dici
1074 1846 1130 1903 pro
1162 1890 1165 1895 ¹

59 1939 65 1953 r
118 1909 342 2003 consuetudinem
364 1930 425 1963 cum
451 1911 486 1963 iis
507 1907 679 1985 contraxiffe.
725 1909 809 1964 Illam
832 1926 928 1964 autem
948 1910 1132 1987 ταυτολογίας

56 2023 60 2032 ·
117 1995 329 2050 accusationem
352 1995 432 2066 juxta
449 2012 516 2048 curn
533 1994 657 2050 Gesnero
675 1995 831 2070 deprecor,
855 2009 883 2050 et
897 2014 1036 2070 comparo
1052 1986 1129 2052 rtin'

61 2102 66 2107 ·
116 2079 172 2155 Bp,
188 2089 223 2148 4,
244 2092 292 2146 27,
310 2089 339 2150 5.
363 2080 434 2134 vivit
448 2098 507 2132 cum
524 2080 679 2153 Spurinna,
701 2082 772 2134 vivit
787 2100 848 2134 cum
866 2081 1001 2136 Antonio.

67 2202 70 2211 ι
117 2162 133 2188 ·’
181 2160 384 2241 philosophos?
418 2164 466 2217 Fu·
511 2164 559 2218 Sic
581 2159 646 2235 (nisi
668 2163 748 2237 quod
765 2164 865 2219 Turio.
883 2161 960 2228 Flor.
984 2184 998 2218 e
1019 2184 1064 2240 pr.
1089 2183 1130 2220 m.

117 2264 241 2323 uterque
261 2246 457 2324 philosophie)
485 2247 586 2303 Turio.
610 2246 688 2302 Flor.
713 2247 810 2303 Guels.
834 2249 933 2324 Camp.
957 2267 1024 2303 cum
1051 2249 1129 2305 alm.
1223 2284 1227 2291 ι

119 2325 214 2388 (ioth.¹
224 2332 303 2390 Voss.
323 2348 350 2387 2.
370 2348 399 2387 et
413 2331 478 2386 edd.
493 2348 558 2387 ante
573 2328 639 2388 ald.
657 2333 709 2405 qui
724 2331 823 2386 inserit
838 2330 1030 2406 persequemur
1047 2336 1128 2399 (cum

117 2416 228 2490 Regius
242 2414 332 2472 vellet
345 2415 563 2491 persequamur),
585 2416 656 2472 Bad.
673 2432 797 2490 uterque
813 2413 970 2491 persequar.
1005 2418 1031 2471 A
1045 2416 1127 2474 Bafit

115 2500 186 2557 inde
209 2513 237 2555 et
250 2512 349 2574 poetas
361 2500 488 2575 persequi
501 2502 593 2556 uelim.

161 2606 164 2613 ·
181 2600 231 2659 39.
254 2586 326 2640 Fuit.
350 2585 396 2640 Sic
413 2584 598 2641 Turicslor.
608 2583 705 2641 Guelf.
717 2585 816 2658 Camp.
832 2578 899 2638 curn
909 2582 998 2639 Goth.
1007 2586 1086 2643 Voss.
1099 2598 1126 2643 Ω.

114 2672 189 2732 Jeus.
204 2672 291 2724 Taw.
315 2668 435 2743 Reliqui
458 2671 567 2734 Fuerit,
590 2671 724 2724 suadente
742 2669 845 2743 Regio
954 2690 1024 2744 quae
1040 2673 1125 2745 apud.

114 2755 277 2811 Sic'Turic.
294 2753 372 2810 Flor.
388 2750 484 2809 Guels.
503 2755 602 2830 Camp.
619 2775 687 2810 curn
702 2753 791 2810 Goth.
809 2754 883 2812 Jens.
894 2753 982 2813 Tarv.
1004 2753 1127 2831 Reliqui

112 2838 242 2895 luserunt
257 2834 304 2914 est.

116 2924 125 2937 ''
175 2934 223 2992 uo.
254 2937 355 2980 tamen.
407 2923 508 2977 Turio.
530 2921 626 2978 Guels.
651 2923 751 2998 Cemp.
775 2924 918 2978 omittunt
945 2942 1012 2977 cum
1034 2921 1124 2980 Goth.

112 3009 193 3066 Voss.
210 3022 238 3063 2.
263 3025 292 3063 et
308 3008 371 3064 edd.
389 3023 455 3062 ante
467 3007 538 3062 Bad.
580 3007 687 3069 Miror,
707 3006 754 3062 sed
767 3007 890 3082 gaudeo,
906 3006 1028 3065 sihabct
1044 3005 1124 3067 Flor.

113 3093 237 3147 Forteffe
251 3091 306 3168 sed
324 3091 477 3149 intercidit
491 3090 555 3168 post
563 3089 735 3169 fimillimus.

147 3290 430 3376 fi-psrilosoplror.
454 3294 597 3366 Repeten·
640 3307 735 3350 autem
756 3303 857 3367 poetas
876 3278 927 3344 lric
948 3308 1009 3346 non
1024 3307 1123 3345 recen·

112 3376 184 3433 dum
197 3373 345 3451 persequar
358 3397 394 3431 ex
407 3376 468 3433 illia
482 3379 596 3452 „singu
638 3377 702 3440 seat,
727 3376 762 3430 de
781 3374 888 3448 quibua
904 3389 999 3429 tamen
1015 3389 1043 3428 et
1056 3372 1122 3448 ipsis

109 3462 176 3527 „lor
204 3460 340 3537 persequi
350 3469 385 3516 “z
427 3459 596 3518 duriuscule
638 3460 770 3517 dicturus
804 3456 857 3521 est,
895 3459 1033 3532 equidem
1061 3476 1123 3512 non

108 3549 181 3612 sune,
205 3546 267 3606 sed,
291 3561 324 3601 ut
334 3545 442 3602 Badius
456 3548 511 3608 ait,
534 3565 596 3600 nou
637 3542 773 3600 dixerim.

107 3631 259 3711 invenusta
276 3629 362 3687 verbi
380 3630 486 3706 ellipsi:
511 3631 547 3685 cf,
565 3639 593 3695 5,

111 3730 149 3770 12
162 3708 241 3772 extr.
266 3714 319 3771 ubi
341 3735 377 3770 ne
395 3732 455 3770 erat
473 3714 593 3789 quidem

108 3802 189 3873 quod
213 3817 292 3856 certo
311 3820 347 3854 ex
361 3799 513 3875 prioribus
527 3796 592 3854 sub·
677 3806 728 3868 4ο.
752 3791 839 3868 nostri
850 3795 992 3863 -J'udicr'i
1001 3791 1120 3869 summa.

109 3884 221 3942 audires
230 3906 242 3957 3.
266 3886 329 3948 sed,
358 3883 500 3947 vinium,
522 3902 591 3957 pro·
634 3882 674 3936 ita
689 3899 770 3936 utne
782 3878 902 3953 singulis
915 3878 977 3933 suas
991 3879 1119 3933 rationes

108 3967 246 4024 verbialis
270 3968 402 4044 locutio,
425 3966 519 4042 qualis
541 3967 591 4020 hic
633 3965 809 4038 subjiciam,
851 3982 947 4038 neque
982 3960 1119 4039 longiore

106 4066 167 4106 uon
195 4053 288 4128 potest
317 4052 441 4128 agnosci.
495 4052 591 4124 Quare
635 4050 832 4126 disputatione
849 4064 924 4105 utar.

101 4138 108 4145 “
135 4128 232 4191 'Tm
252 4130 305 4192 JV.
746 4137 770 4192 C
882 4158 886 4163 ·

678 3692 728 3752 59.
750 3650 875 3734 ¹Liuium.
901 3678 937 3731 cs.
956 3687 984 3744 8,
1005 3689 1033 3737 α.
1051 3685 1099 3744 ¹8·
