2586 4666
178 282 256 371 306
411 266 481 377 Μ.
501 276 603 367 EAB.
632 276 956 373 QUlNTIIaIANs
992 363 997 369 Ι

128 504 136 513 ·
172 456 307 557 sacto,
336 489 427 541 cum
441 460 496 537 est
510 464 726 568 repetenda
739 466 952 554 memoria,
980 466 1184 568 incipiunt

78 610 82 619 ·
182 589 232 663 ab
244 583 361 659 initio
376 580 464 655 loca
479 579 577 655 haec
593 578 802 668 recensere,
832 596 884 669 et,
901 579 1014 680 quod
1035 572 1183 682 cuique
1237 568 1244 579 ’

186 695 461 783 crediderunt,
495 695 722 798 reposcunt,
756 709 803 770 ut
838 720 980 772 eorum
1010 697 1183 798 imagine

185 812 469 889 admonentur:
497 813 553 887 ita
575 809 795 911 quamlibet
811 812 938 885 multa
961 807 1052 908 srnt,
1078 829 1250 911 quo-988

182 950 274 1004 rum
297 922 520 1002 meminisse
550 939 749 1028 oporteat,
783 921 893 1000 frunt
913 924 1069 1025 singula
1090 953 1185 1003 con·

181 1063 282 1117 nexa
306 1039 486 1138 quodem
510 1042 650 1137 choro,
677 1065 729 1113 ne
748 1047 880 1115 errent
901 1042 1186 1141 conjungentes

182 1154 389 1257 prioribus
429 1153 638 1257 sequentia
676 1140 761 1231 solo
802 1152 1002 1230 ediscendi
1038 1158 1185 1271 labore.

94 1426 98 1439 ,
183 1391 259 1428 voce
286 1372 457 1447 impluvium
500 1371 574 1425 Mox
593 1371 692 1447 Camp.
714 1374 872 1446 incipimus,
893 1368 977 1425 male.
1158 1384 1190 1425 ut
1247 1424 1250 1428 Α

103 1488 107 1495 ·
185 1476 291 1513 eorum.
314 1455 468 1514 SicGuels,
479 1453 552 1525 Vell.
571 1475 607 1510 ex
622 1474 715 1529 eoque
729 1456 799 1511 Bad.
822 1454 1019 1528 Reliquiete.
1146 1458 1190 1511 ita

98 1530 104 1540 ¹
186 1528 349 1618 quamlibet.
374 1542 421 1596 Sic
443 1541 520 1596 Flor.
544 1554 614 1613 etq
641 1540 739 1615 Camp.
761 1539 966 1613 Reliquiutq.
1097 1537 1188 1612 fiunt.
1218 1529 1220 1535 ¹

186 1626 237 1680 Sic
252 1626 355 1681 Tur-ic.
370 1622 446 1679 Flor.
462 1621 556 1680 Guelf.
575 1627 675 1699 camp.
690 1645 757 1679 cum
770 1623 858 1679 Goth.
875 1624 953 1681 Vols.
972 1638 998 1677 ι.
1018 1621 1092 1678 vall.
1112 1625 1188 1682 Jens.

185 1708 276 1763 Terv.
288 1708 370 1783 fiant
381 1710 479 1763 Locat.
495 1726 561 1761 cum
573 1710 691 1782 posterr.
708 1726 771 1763 ante
785 1707 851 1765 Ald.
868 1726 924 1761 ecc.
939 1706 1009 1762 Bad.
1019 1705 1101 1761 Besil.
1113 1707 1188 1762 Obr.

180 1790 252 1868 sunt
276 1793 415 1848 exhibent
434 1793 503 1846 Exc.
523 1794 638 1850 senten.
657 1793 771 1847 sortasse
790 1813 842 1866 per
857 1810 985 1845 errorem
1003 1792 1189 1853 conserentis,

96 1868 99 1873 ¹
186 1876 230 1931 its
245 1893 321 1933 tanta
343 1875 453 1948 alioqui
473 1875 563 1946 hujus
580 1879 705 1953 Cod..et
725 1876 821 1932 Guels.
838 1873 1039 1930 similitudine.
1069 1875 1189 1949 Reliqui

181 1960 252 2035 sint.
277 1960 375 2015 Modo
392 1960 478 2013 multa
492 1957 534 2032 sit
548 1962 647 2017 Turio.
666 1962 687 2016 F
689 1961 743 2016 lor.
767 1963 840 2015 Mox
853 1979 907 2033 pro
923 1979 1045 2013 connexa
1059 1956 1137 2014 Flor.
1154 1965 1166 2027 (
1174 1981 1191 2015 e

77 2078 81 2087 ι
183 2038 232 2121 pr.
246 2035 311 2122 ιιι.)
332 2063 436 2104 nereca,
455 2045 537 2098 esec·
554 2062 666 2108 autem,
688 2048 743 2099 nisr
761 2044 798 2098 est
813 2062 895 2099 error
909 2043 1103 2106 conserentis,
1126 2065 1190 2099 con·

183 2131 263 2186 nixa.
436 2127 528 2192 choro,
545 2151 579 2182 ne
592 2144 688 2184 errent.
707 2129 811 2192 Turio.
823 2131 1002 2204 (quenquam
1021 2148 1056 2181 ex
1072 2128 1129 2182 hoc
1145 2150 1191 2183 re·

184 2211 280 2266 fertur
299 2214 390 2284 coria)
410 2209 489 2267 Flor.
507 2213 603 2268 Guels.
622 2217 692 2270 Exc.
709 2217 821 2268 senten.
840 2217 914 2267 corio
932 2226 1055 2281 onerant.
1088 2212 1192 2267 Solum

184 2298 261 2349 corio
277 2295 434 2352 ostenditur·
451 2315 487 2350 ex
499 2297 584 2354 Bodl.
601 2298 676 2354 Vall.
691 2299 769 2354 etsie
785 2297 870 2352 estin
886 2297 986 2371 Camp.
997 2297 1085 2353 Goth.
1117 2296 1193 2352 Mox

186 2378 384 2458 consequentia
398 2379 477 2437 Flor.
493 2382 591 2459 Camp.
608 2403 676 2438 cum
690 2381 768 2440 nlm.

230 2582 280 2624 20.
297 2564 607 2630 ret—admonentur„
609 2570 668 2631 ,Ut
710 2569 784 2626 locis
807 2588 860 2624 neo
882 2567 1060 2642 imaginibus
1080 2587 1192 2622 memo·

184 2634 234 2717 „L
249 2651 405 2727 secundum
410 2652 537 2789 lquodf‘
551 2607 667 2706 Badius
710 2657 770 2709 riae
791 2652 1038 2708 subvenientibus.
1091 2651 1195 2720 Qualis

19 2799 23 2807 ι
224 2734 307 2808 fiunt
322 2720 440 2811 stava
376 2738 440 2790 Ινιιῖιι
467 2762 510 2776 -
531 2733 669 2807 ediscendi
711 2752 807 2791 autem
827 2736 879 2789 ille
901 2736 938 2789 est
961 2733 1067 2789 error?
1096 2736 1193 2790 Potest

66 2818 73 2839 ¹
184 2819 290 2874 labore.
328 2820 387 2873 Hic
409 2820 501 2874 sensus
521 2837 587 2872 cum
606 2836 668 2872 non
712 2821 790 2875 enim
808 2817 921 2892 duplici
936 2808 1032 2872 modo
1044 2817 1143 2892 accipi,
1159 2834 1193 2875 ut
1282 2858 1286 2863 -

185 2901 365 2960 constanter'
356 2918 406 2966 tta,
415 2902 731 2975 uthiccomparem
710 2902 760 2958 vel
773 2924 806 2957 eo
824 2903 885 2975 ipso
900 2917 1022 2963 erretur,
1032 2904 1111 2976 quod
1123 2923 1192 2959 con·

184 2986 425 3044 invetufliffimis
447 2982 531 3042 fibris
548 2984 668 3058 legatur,
711 3004 753 3042 tra
786 3006 873 3060 quam
905 2985 1047 3042 debebant
1070 2989 1192 3060 conjun-
1244 3006 1248 3011 ’

184 3091 244 3129 noe
267 3088 375 3136 autem,
403 3090 489 3146 quarn
511 3069 668 3123 minimum
710 3088 787 3146 gunt¹
797 3070 949 3144 prioribus
966 3068 1121 3144 sequentia,
1144 3071 1194 3127 vel

102 3196 105 3201 -
184 3156 256 3213 sieri
271 3157 378 3231 potuit,
391 3155 610 3211 concesserimus
625 3174 669 3208 re·
710 3157 787 3209 inter·
802 3153 880 3208 illud
894 3155 1093 3227 conjungendi
1103 3175 1194 3230 nego·

186 3240 316 3295 centium
327 3239 556 3300 mutationibus3
573 3254 668 3293 tamen
711 3240 787 3294 tium
802 3238 914 3311 aliquid
932 3256 1077 3314 peccetur.
1123 3244 1194 3296 Con·

125 3338 128 3345 '
178 3344 249 3403 'non
270 3324 325 3379 nili
347 3324 469 3398 suspensi
491 3339 519 3378 et
536 3322 669 3376 dubiten-
707 3326 854 3397 jungentes
869 3323 968 3398 itaque
982 3325 1111 3381 eritaut:
1129 3345 1193 3379 con·

186 3424 233 3466 ter
250 3408 290 3463 de
304 3409 367 3481 ejus
387 3408 522 3462 sententia
538 3425 669 3480 pronun·
711 3408 869 3482 jungendo,
898 3424 962 3464 aut:
987 3409 1060 3462 inter
1081 3410 1193 3475 conjun-

67 3498 74 3511 ‘
186 3492 339 3565 ciebimus.
375 3491 542 3547 Nexahaec
560 3490 668 3554 omnic,
711 3492 841 3569 gendum.
906 3494 991 3546 Prius
1024 3494 1046 3546 si
1076 3489 1192 3564 probas,

51 3559 66 3583 '
102 3624 112 3653 ,1
188 3596 263 3655 quae
282 3578 380 3632 animo
402 3575 563 3650 affigimus,
600 3595 668 3628 cum
711 3575 817 3632 inutile
847 3575 1005 3631 memoriae
1033 3573 1193 3627 ostenditur

186 3660 247 3719 sint
261 3662 337 3717 inter
357 3661 383 3714 se
398 3681 451 3735 per
470 3660 552 3714 illam
567 3658 669 3712 oedifi-
711 3659 801 3716 nullis
839 3657 1001 3714 intervallis
1033 3655 1192 3711 constitutis
1243 3693 1270 3726 .⁴

186 3745 229 3801 cii
243 3745 392 3818 cujusdam
407 3745 508 3817 magni
524 3743 669 3813 subjecen·
712 3760 802 3799 totam
818 3744 980 3797 orationem
993 3741 1191 3794 continuando

183 3836 244 3884 tem
261 3828 560 3924 cunctisimaginem,
583 3845 665 3880 cave·
708 3829 819 3900 semper
859 3825 1009 3900 prioribus
1046 3823 1192 3895 sequentia

181 3927 233 3967 tur·
255 3918 350 3975 orior,
379 3911 412 3964 in
428 3929 514 3984 quem
531 3925 666 3984 poterent
708 3911 851 3966 detexere.
895 3910 933 3961 Et
951 3907 1042 3960 seteor
1057 3906 1189 3961 hancre-

180 3995 313 4052 incidere
328 4015 382 4072 qm
372 3993 474 4048 nihil
487 3992 567 4047 ahud
577 4011 664 4067 quem
706 3995 818 4048 tionem
839 3990 916 4045 mihi
930 3989 1027 4045 videri
1044 3992 1187 4048 cons-ente

182 4074 660 4157 ediscuntverbtipsn.mdlituec
702 4096 787 4134 neem
817 4075 856 4133 ita
886 4093 960 4151 quae
992 4074 1184 4152 praecedunt:
